2890 4612
1077 401 1082 406 -
1103 359 1167 426 ns

182 557 280 626 ,tam
299 543 328 629 ⁶)
353 562 433 606 curu
454 542 492 606 in
511 559 588 608 suos
609 536 770 604 retulerit
784 533 912 617 libror,
932 537 1029 606 haud
1042 552 1164 605 tamen

184 653 412 739 ,confitetnn
442 657 538 721 unde
560 677 637 723 eam
660 659 828 743 petierit.“
871 657 1026 723 Dubium
1048 657 1165 722 videri
1196 657 1208 667 ’

183 789 317 863 potest,
351 797 443 862 quae
471 774 617 838 fabulae
647 775 693 838 de
726 773 957 852 daemonibus
991 789 1025 838 et
1057 779 1165 865 geniis

184 895 405 960 Graecorum
446 891 744 980 philosophorum
770 893 921 979 -plttcitis
962 900 1165 958 vetustiores

184 1019 302 1078 auimo
327 1016 505 1101 scriptoris
533 1012 739 1077 obversatus
762 1018 845 1090 sint3
876 1033 945 1099 qua
974 1012 1020 1074 de
1042 1035 1080 1074 re
1103 1029 1167 1078 eta-

71 1191 75 1202 ,
117 1139 120 1148 '
184 1137 251 1197 tim
273 1131 477 1220 quaerendo
506 1146 794 1220 argumentorum
826 1134 952 1196 scriem
978 1121 1167 1194 interrum-

185 1269 275 1336 pere
296 1261 402 1334 atque
424 1243 530 1312 finem
547 1251 741 1334 anticipare
756 1249 878 1312 nolim.
908 1247 1033 1312 Obiter
1048 1260 1168 1310 lernen

186 1364 353 1428 hocloco
375 1385 436 1426 nos
465 1363 747 1427 animadvertere
768 1369 885 1447 iuvat,
913 1367 1029 1454 quod,
1058 1366 1169 1429 vario.

187 1507 268 1548 rum
289 1484 506 1572 populorum
530 1484 767 1574 mythologice
788 1489 900 1572 siqua
918 1488 1054 1560 insunt,
1077 1503 1168 1569 quse

186 1599 257 1664 hnc
279 1602 413 1664 referre
435 1606 599 1678 attineat,
628 1605 811 1668 Persarum
842 1601 888 1665 de
913 1605 1029 1691 geniis
1056 1601 1169 1664 homi·
1235 1629 1239 1634 ·

186 1741 273 1804 num
288 1721 475 1786 comitibus
490 1725 649 1810 opinioni
666 1723 697 1808 ⁷)
720 1725 884 1810 apprime
900 1723 1063 1816 convenit
1083 1721 1170 1784 haec

186 1857 311 1912 eorum
333 1837 522 1926 descriptio
543 1839 581 1922 ⁸).
628 1925 631 1937 ,
757 1873 772 1900 a

187 2201 190 2208 ·
220 2155 255 2242 6)
288 2157 492 2244 προφητικὸν
513 2163 616 2220 τοῦτο
639 2154 779 2242 μάθημα
800 2153 923 2239 λαβὼν.

225 2306 256 2374 t)
286 2284 456 2363 ¹Geniorum
479 2308 597 2362 nomine
623 2321 694 2374 ens,
719 2305 827 2372 velim,
853 2303 993 2371 intelligas
1011 2302 1172 2360 Persarum
1250 2287 1251 2290 Ἴ

289 2403 404 2471 imperii
420 2401 576 2467 eoelestis,
601 2412 632 2454 nt
648 2402 684 2453 ita
702 2401 808 2468 loquar
814 2439 824 2468 ‚
841 2400 1007 2464 ministros,
1027 2401 1097 2470 qui,
1113 2401 1172 2454 Fe.

230 2502 235 2509 “
289 2500 375 2554 rucrt'
392 2500 540 2572 appellati,
560 2509 626 2571 pust
643 2499 925 2570 Amschaspandos,
937 2513 965 2553 et
983 2499 1093 2555 Izsdes
1110 2512 1172 2554 ter-

209 2595 215 2617 *
259 2597 262 2604 ⁴
287 2585 358 2652 tium
379 2597 477 2652 locutu
501 2596 644 2651 obtinent.
679 2597 818 2670 Quorum
841 2597 951 2651 mentio
974 2614 1172 2668 saepenume·

211 2680 219 2692 ’
287 2715 417 2754 numero
441 2700 565 2754 habetur
587 2700 616 2756 in
634 2699 880 2758 ZendeAnestnc
897 2698 986 2770 libris.
1024 2702 1171 2762 Auctores

286 2802 418 2854 omnium
435 2799 582 2854 bonorum
595 2808 682 2870 atque
702 2797 899 2871 prosperitatis
912 2803 1054 2852 v'oeantnr
1065 2798 1093 2850 in
1106 2798 1172 2874 leqa

289 2897 481 2953 Zoroastris
497 2885 717 2968 (Vendiditd),
737 2896 834 2970 Farp.
852 2901 906 2962 19,
923 2895 951 2948 in
974 2895 1170 2965 precibusque

290 2997 461 3052 solennibus
479 2997 512 3052 iis
530 2999 629 3054 dicatis
647 3000 675 3054 in
693 2997 767 3052 libro
786 2998 1050 3078 litu‘rgicoldesclrts
1062 2997 1170 3064 Snde‘s,

201 3151 204 3164 ,
287 3092 403 3164 XClll,
420 3096 571 3163 geniorum
589 3113 710 3150 munera
723 3105 752 3150 et
762 3098 896 3166 virtutes,
915 3113 1012 3150 rerum
1025 3097 1170 3150 humana«

287 3209 355 3248 rum
383 3194 516 3252 ordinem
546 3205 727 3250 constantem
761 3195 977 3263 efficientium,¹
996 3203 1025 3248 et
1051 3198 1169 3250 tutelam
1213 3197 1222 3217 ‘

217 3287 219 3292 '
288 3274 524 3364 praesidiumque
543 3293 725 3360 gerentium,
750 3293 816 3347 satis
834 3293 953 3363 copiose
973 3279 1168 3348 celebrantur.

191 3459 194 3467 Α
291 3391 430 3456 Animos,
448 3401 602 3460 antequam
616 3391 747 3455 fuissent,
761 3391 866 3460 quibus
880 3383 1139 3461 praeponerentur,
1152 3408 1170 3444 tt

226 3530 233 3536 ν
288 3489 360 3547 Deo
378 3501 547 3561 procreatos
567 3505 619 3545 eos
637 3491 791 3558 agnoscis,
814 3487 932 3559 singuh’s
950 3491 1052 3543 deinde
1070 3489 1169 3544 onmis

291 3589 365 3655 bus,
383 3607 457 3659 quae
477 3597 668 3660 apparerent,
687 3590 855 3660 praesertim
868 3587 1058 3645 animantibus
1071 3598 1169 3643 mente

286 3689 442 3761 praeditis,
472 3689 522 3743 sed
548 3699 577 3742 et
594 3688 682 3742 rebus
707 3703 746 3742 ert
770 3671 871 3743 nostro
895 3703 981 3743 sensu
1000 3699 1084 3759 atque
1103 3689 1170 3759 opi·

243 3795 245 3802 '
289 3788 375 3842 ttione
394 3789 506 3859 penitus
525 3790 675 3858 corporeis
693 3797 723 3840 et
740 3803 772 3840 se
789 3789 865 3858 ipsas
882 3789 1017 3844 movendi
1034 3789 1169 3840 facultate

290 3885 458 3942 carentibus
483 3889 669 3959 praefectos,
702 3895 801 3958 utpote
832 3887 937 3958 quibua
961 3887 1028 3940 insit
1050 3889 1094 3941 vis
1118 3902 1177 3962 ea,

288 4001 347 4059 qua
369 3977 851 4057 sustentueoneisttnt'quosque,
877 3997 937 4062 qus
957 3985 1067 4056 percita
1083 3974 1170 4053 agere
