2890 4612
286 323 346 390 iio

492 450 505 485 l

285 505 484 574 divinarum
508 508 681 570 scient-iam
709 509 834 570 mirum
858 508 895 571 iu
915 505 1059 570 modum
1082 505 1160 572 iilos
1178 528 1258 595 pro·

283 623 383 689 basse
405 623 556 706 eluceat,
584 645 796 709 eamque—
816 623 883 686 alio
907 625 1060 712 quodam
1083 648 1185 688 seusu
1208 629 1257 688 vi'·

284 741 415 806 delicet
447 743 490 806 ab
527 746 584 816 iis,
624 763 726 836 qttarn
758 743 803 806 ab
839 743 1041 807 orthodoxis
1075 743 1255 808 nonnullis

284 857 451 922 ecclesiae
486 859 687 934 doctoribus
732 882 770 922 ao
807 859 1154 948 propugnatoribus,
1193 848 1255 946 ciui

284 995 363 1039 cnm
392 973 472 1036 talia
499 973 704 1052 laudarent,
740 976 961 1038 Iudaicorum
991 999 1166 1040 sacrorum
1199 1000 1256 1040 au·

214 1077 217 1084 ‚
282 1095 475 1156 ctoritatem
525 1094 784 1156 defendendam
834 1099 1029 1180 praecipue
1074 1107 1255 1172 curarent,

283 1211 438 1276 Graecae
472 1211 717 1297 philosophiae
752 1216 968 1298 oppositam,
996 1239 1036 1260 ³-
1072 1235 1153 1274 cum
1187 1212 1252 1274 hac

282 1303 517 1416 comparaiaru
539 1327 639 1392 nullo
666 1333 852 1414 praeconio
871 1329 1052 1415 indignam
1073 1329 1254 1406 iudicasse,

280 1463 316 1512 et
337 1447 468 1536 singula
492 1471 635 1536 quoqne
657 1453 795 1540 agnosci
823 1454 972 1537 possint,
1000 1449 1128 1536 quibus
1150 1452 1256 1536 potis·

280 1571 408 1631 simum
439 1567 594 1630 addictos
631 1589 667 1629 se
698 1571 951 1654 praestiterint,
987 1567 1254 1652 disciplinarum

284 1709 433 1776 genera,
448 1689 508 1771 qui
517 1729 527 1761 ,
543 1692 703 1771 quamvis
717 1686 927 1750 Christianos
943 1709 979 1751 se
992 1683 1253 1774 profiterentur,

279 1815 506 1895 externorum
536 1802 758 1885 quorundam
782 1803 965 1866 doctorum
995 1825 1035 1868 ac
1064 1801 1255 1888 propheta-

279 1943 360 1984 rum
382 1919 609 1982 Asiaticorum
632 1923 792 1995 uomina,
820 1920 887 1982 alia
910 1921 1069 2010 inaudita,
1088 1920 1253 2004 quidem,

279 2049 319 2098 ut
346 2035 443 2123 apud
471 2035 637 2112 Graecos,
669 2038 735 2098 aiia
763 2058 845 2098 vero
875 2041 978 2098 etiam
1009 2040 1185 2100 notissima
1219 2049 1254 2098 et

174 2211 187 2217 -
282 2151 532 2229 celeberrima,
559 2158 597 2216 iu
619 2152 748 2237 vulgus
764 2153 930 2226 edentes,
958 2152 1082 2216 horum
1106 2156 1256 2214 auctori.
1311 2231 1316 2244 ι

184 2250 187 2261 ’
280 2283 389 2334 tatem
411 2293 494 2360 prae
526 2293 561 2334 se
590 2269 701 2346 ferre,
733 2270 857 2332 iturum
885 2291 1027 2345 arcana,
1057 2269 1196 2335 oracula
1215 2283 1254 2332 'et

253 2395 257 2407 '
280 2393 442 2454 vaticinia
465 2403 638 2454 ostentare
662 2411 700 2450 ac
726 2387 921 2463 venditare,
942 2388 1068 2450 horum
1090 2387 1254 2477 dogmata

228 2515 233 2542 ¹
256 2501 259 2514 Δ
281 2514 457 2578 uerissima
480 2513 596 2572 testari
618 2507 714 2570 haud
738 2517 953 2592 vererentur.

303 2662 305 2668 ’
365 2627 523 2696 Cicrrzcus
554 2624 829 2694 Alexandrinus
857 2622 987 2690 Strom.
1015 2620 1038 2688 l.
1064 2617 1100 2687 V
1098 2619 1122 2687 I
1125 2667 1135 2708 ,
1160 2639 1251 2712 paq.

269 2748 347 2817 Ι’767
368 2747 418 2828 ³),
439 2754 625 2828 postquam
644 2733 992 2820 Valcnlhrialiquod
1013 2733 1148 2798 dictum
1169 2739 1253 2818 quo'-

278 2933 508 2950 m
551 2920 555 2933 ¹

313 3071 344 3135 3)
377 3066 583 3126 Memorabilis
602 3075 646 3120 est
666 3065 827 3120 Clementis
846 3063 930 3118 iocus
950 3063 1163 3118 haereticorum
1183 3077 1252 3116 seu«

380 3171 482 3224 tentius
500 3187 515 3222 e
533 3169 613 3223 iibcis
632 3186 734 3222 eorum
752 3141 952 3237 transscriptas
969 3166 1131 3232 exhibens,
1148 3164 1175 3217 iu
1192 3181 1252 3234 quo

381 3285 449 3322 cum
470 3267 609 3320 uonuuita
629 3283 680 3337 pec
698 3281 731 3318 se
751 3265 827 3332 ipsa,
845 3265 898 3318 alia
919 3265 959 3316 ob
981 3279 1090 3316 nexum
1110 3242 1182 3314 curu¹
1199 3277 1252 3314 ao·

380 3369 578 3427 tecedeutibus
597 3369 714 3423 inventu
730 3367 878 3420 difficilem
894 3363 1076 3418 subobscura
1092 3359 1252 3425 videantur,

379 3483 477 3538 neque
508 3467 545 3519 ab
574 3467 777 3537 interpretibus
809 3463 993 3518 sufficienter
1011 3461 1165 3532 explicita,
1193 3473 1254 3512 uon

375 3574 518 3633 possum,
543 3565 614 3634 quin
634 3565 729 3616 luceru
750 3573 778 3616 et
798 3564 941 3616 medelam
962 3561 988 3614 u·
1006 3559 1141 3614 afferendi
1159 3571 1253 3625 nego·
1342 3591 1347 3602 ·

380 3664 450 3716 tium
476 3663 640 3732 suscipiam.
689 3660 858 3715 Notandum
885 3671 951 3726 est,
983 3659 1132 3712 auctorem
1162 3658 1188 3710 iu
1217 3671 1252 3708 eo

381 3751 509 3827 versari,
541 3769 571 3813 ut
597 3760 806 3831 philosophicis
833 3758 1010 3826 argumentis
1040 3763 1069 3807 et
1094 3755 1253 3824 scripturae

335 3875 350 3899 ⁴
382 3876 483 3918 sacrae
505 3861 677 3915 testimoniis
701 3860 805 3928 probet
830 3875 864 3910 ae
886 3856 1032 3920 declaret,
1056 3854 1179 3906 salutem
1203 3866 1255 3922 pet·

382 3961 533 4017 Christum
548 3959 715 4016 homiuibus
732 3971 842 4030 partam
859 3955 1005 4027 gechtham
1023 3953 1255 4028 atquedudaco-
