2886 4608
309 329 350 397 10

307 491 558 579 consuetudine
572 515 619 578 sie
632 522 750 576 vocata
763 507 780 593 (
782 509 862 576 Asis
872 512 1161 599 proconsulari),
1181 515 1280 580 iteru-

306 653 378 718 quo
397 633 436 694 in
454 629 586 695 Galatia
610 626 803 692 admodum
821 631 974 717 viguisse
992 629 1102 696 refert
1119 629 1278 726 Epipha-

403 908 468 947 rum
499 889 597 946 verbis
632 887 775 960 descripta
802 886 838 940 de
863 885 984 941 Christo
1007 903 1061 958 per
1083 886 1161 942 mille
1190 899 1278 942 annot

403 1001 510 1044 terram
537 999 691 1060 regnaturo
723 991 785 1044 eius
815 989 913 1060 opinio
945 997 1066 1056 exstat,
1095 985 1276 1041 Judoeorutu
1308 1046 1335 1058 ,Ἴ

401 1089 541 1145 hactenus
557 1100 724 1146 commenta
740 1091 874 1145 nimirum
890 1092 990 1147 secuti.
1018 1088 1191 1144 Gnosticum
1209 1103 1282 1140 vero

401 1205 469 1242 eum
496 1187 645 1243 Irenaeus
661 1187 697 1255 I,
722 1189 761 1243 26
789 1187 918 1259 inprimis
955 1187 1107 1259 perspicue
1139 1184 1282 1250 ostendit,

404 1303 465 1358 quo
485 1295 578 1356 teste,
595 1304 657 1342 non
674 1304 695 1340 a
709 1289 815 1358 primo
832 1287 901 1344 Deo
906 1285 1035 1355 factum
1048 1297 1112 1368 esse
1125 1283 1282 1350 mundttm,

401 1381 557 1450 docuerat,
580 1382 637 1436 sed
655 1399 676 1436 a
699 1384 810 1436 virtute
827 1383 962 1456 quedam
980 1381 1068 1437 vulsie
1084 1389 1234 1454 separatu
1256 1386 1286 1433 et

401 1479 534 1534 distante
557 1477 596 1534 ab
616 1497 653 1533 ea
668 1477 925 1550 principalitate,
943 1497 1021 1554 quae
1040 1487 1084 1536 est
1102 1497 1195 1552 super
1213 1479 1283 1534 uni-
1310 1465 1313 1469 ’

401 1598 510 1648 versa,
541 1587 568 1634 et
591 1565 762 1656 'iqnoronte
787 1597 854 1634 eum
866 1621 875 1648 ,
901 1581 954 1654 qui
983 1587 1026 1636 est
1046 1595 1139 1648 super
1162 1577 1283 1646 omnia,

400 1677 519 1746 Deum,
543 1677 671 1748 (quibus
695 1679 854 1748 respondet
876 1677 1071 1746 Christologia
1092 1677 1120 1730 in
1143 1667 1211 1746 sqq.
1230 1675 1282 1728 ad-

400 1776 505 1840 iecta).
551 1773 675 1830 Ubeiius
706 1775 877 1830 sententiam
908 1775 944 1828 de
979 1773 1122 1829 Cerintho
1148 1771 1282 1828 Judaeu-

350 1869 353 1876 ‘
402 1872 586 1938 Christiano,
618 1873 719 1925 deinde
747 1871 889 1926 Gnostico
915 1871 1013 1939 iacto,
1041 1888 1134 1942 quarn-
1152 1881 1283 1926 nostrum

326 1950 330 1966 ⁸
380 2043 384 2054 t
401 1974 526 2044 professi
544 1958 747 2039 sumusplicet
764 1973 840 2026 Rev.
857 1972 978 2027 Paulus
999 1971 1121 2024 acumini
1139 1970 1281 2039 debitam,

400 2071 476 2142 apud
498 2071 595 2142 ipsum
614 2069 649 2125 V.
672 2071 718 2124 Cl.
745 2079 947 2141 pertractatam
975 2077 1003 2123 et
1024 2067 1189 2122 eruditionis
1212 2083 1281 2140 suae

399 2167 465 2221 luce
483 2168 651 2222 illustratam
670 2185 698 2222 v.
714 2167 743 2220 in
756 2167 997 2222 Introductionis
1010 2165 1044 2222 in
1062 2163 1106 2221 N.
1125 2165 1158 2220 T.
1176 2165 1283 2236 copiti.

401 2263 592 2319 selectim]
605 2270 633 2315 et
648 2262 689 2316 II.
708 2291 739 2302 -
766 2263 866 2317 Aliam
878 2264 955 2316 viam
973 2261 1030 2316 iniit
1048 2261 1124 2316 Rev.
1142 2257 1284 2314 Schmida

402 2365 482 2434 tius,
501 2383 528 2420 v.
549 2363 719 2420 Bibliotbek
729 2364 795 2436 silr
812 2365 921 2421 Kritile
940 2365 1005 2419 und
1014 2365 1155 2438 Exeqese
1173 2362 1226 2418 des
1241 2361 1283 2418 N.

404 2461 439 2516 Τ.
460 2463 526 2516 und
538 2461 592 2516 dle.
612 2461 852 2537 Christenqescb.
868 2445 926 2516 Bd.
943 2462 981 2529 Ι,
1000 2463 1043 2517 st.
1057 2467 1094 2529 2,
1108 2479 1138 2534 p.
1156 2467 1201 2516 181
1216 2477 1284 2534 sqq.

402 2559 658 2634 Quaecunque‘iu
684 2562 813 2616 medium
839 2562 1009 2631 protulisset
1035 2561 1218 2626 haereticus,
1247 2560 1283 2613 ud

400 2657 804 2713 duduco-Christianismum
834 2673 975 2711 revocare
1007 2658 1136 2721 studuit,
1170 2655 1284 2710 irenaei

400 2757 543 2810 rationem
563 2758 599 2810 de
625 2761 653 2812 vi
673 2758 797 2828 quadam
823 2757 918 2810 divina
938 2757 1008 2810 Deo
1028 2757 1116 2823 longo
1136 2755 1284 2824 inferiori,

402 2871 477 2925 quae
496 2855 637 2924 mundum
659 2855 851 2923 condidisset,
876 2857 911 2909 ab
933 2857 988 2910 isto
1012 2854 1136 2910 conlicta
1147 2896 1159 2924 ‚
1176 2857 1283 2910 collato

402 2951 557 3022 Epiphauii
580 2952 605 3018 §.
627 2961 659 3018 t,
686 2954 736 3007 ubi
758 2955 834 3008 idem
862 2969 969 3007 munus
1000 2953 1044 3012 ad,
1062 2941 1181 3021 angelos
1205 2933 1281 3011 'eum

401 3050 582 3104 transtulisse
600 3047 719 3118 dicitur,
737 3051 812 3104 male
833 3051 976 3121 intellecta
991 3039 1177 3108 dudaeorum
1194 3069 1283 3121 unge·

404 3151 512 3220 lologia
535 3160 563 3204 et
584 3151 787 3206 attributorum
805 3150 865 3205 Dei
884 3169 936 3222 pet
959 3161 1209 3226 prosopopoeiam
1231 3153 1285 3207 de-

402 3252 559 3324 scriptione
584 3256 704 3308 omnino
722 3254 843 3323 nixam,
860 3254 1008 3324 ingeniose
1028 3255 1196 3308 coniiciens.
1233 3254 1285 3308 ln·
1302 3294 1304 3303 .

402 3349 503 3421 primis
524 3359 592 3406 sunt
611 3351 837 3420 consideranda,
861 3369 936 3422 quae
958 3352 994 3404 de
1014 3351 1071 3412 Dei
1098 3351 1283 3422 perfectiouis

404 3458 435 3503 et
453 3449 622 3504 efficientiae
648 3451 766 3504 notione
790 3451 864 3522 apud
888 3449 1055 3505 Orientales
1078 3449 1285 3518 figmentorum

405 3562 459 3619 per
488 3545 625 3614 ambages
650 3547 774 3617 exprimi
805 3548 887 3601 solita
913 3563 942 3616 p.
968 3551 1015 3601 tut
1042 3523 1152 3616 sqqsa
1177 3544 1212 3599 V.
1239 3545 1286 3603 Cl.

310 3641 313 3648 '
404 3643 604 3698 animadversa
626 3654 654 3699 et
677 3645 882 3700 Rebbiuorum
904 3641 1055 3696 sententiis
1079 3660 1112 3696 ac
1131 3641 1288 3713 phrasibus

405 3743 561 3814 expositis,
577 3744 767 3801 Gnosticismi
782 3744 866 3800 simul
882 3754 1016 3817 respectu
1030 3743 1132 3798 habito
1141 3783 1152 3813 ,
1164 3743 1285 3814 probata

404 3848 492 3908 sunt,
515 3856 572 3896 nec
593 3837 783 3905 dubitandum
806 3832 911 3909 etiarn,
937 3842 1009 3913 quin
1031 3841 1214 3896 subtiliorem
1237 3857 1288 3894 re·

407 3935 658 4024 condidoperpque
677 3938 1102 4016 sententiaruutetimsgiuutn
1118 3953 1240 3996 sensum
1258 3946 1288 3992 et
