2886 4608
297 509 424 573 vocetis
436 505 799 583 diiudicandum-erit,
815 505 861 570 tle
875 523 945 591 quo
959 506 1083 594 agitur.
1104 503 1271 590 Dogmata

297 647 399 699 vero,
422 647 515 711 quae
531 623 574 688 ab
592 646 632 685 eo
650 620 772 686 tradita
786 621 976 710 Itonaeos,
998 621 1222 714 Epiphanius
1238 634 1271 686 et

301 741 537 812 Tlreodoretus
559 737 589 824 ⁴)
624 759 695 802 non
727 741 806 805 satis
834 735 999 823 explicita
1029 736 1176 822 quidem
1205 760 1273 801 nec

297 863 429 947 optimo
453 861 575 924 ordine
600 863 785 947 composita
815 857 1075 935 exhibuerunt,
1100 857 1269 922 eiusmodi

297 993 391 1044 certe
413 991 509 1055 sunt,
532 990 569 1040 ut
589 981 766 1042 communi
789 977 1033 1042 Gnosticorum
1058 997 1097 1064 ao
1122 976 1269 1040 notabili

295 1101 469 1162 rationum
482 1119 613 1185 genere
629 1095 823 1172 distinctae,
835 1118 941 1183 quam
955 1095 1269 1194 fuisse‘inveuimus

295 1215 341 1280 de
370 1217 435 1280 Dei
468 1229 609 1289 natura,
644 1215 690 1278 de
717 1217 871 1287 mundo,
895 1213 939 1277 de
969 1217 1082 1276 uniunt
1112 1215 1268 1300 opinioni

292 1329 510 1418 respondere
533 1352 572 1392 ea
594 1329 732 1408 videas,
757 1330 977 1396 memorabili
998 1343 1114 1393 tamen
1137 1352 1205 1394 una
1230 1353 1267 1393 se

292 1443 463 1512 offerente
499 1445 702 1520 discrimine
736 1469 798 1522 eo,
835 1445 932 1533 quod
965 1461 1044 1510 cnm
1075 1447 1267 1512 Christiana

291 1567 449 1630 doctrina
478 1564 540 1629 ille
570 1588 627 1630 sua
660 1589 731 1632 non
762 1569 964 1641 coniunxit,
993 1566 1056 1630 sed
1086 1565 1219 1629 alienus
1247 1587 1266 1628 n

292 1681 418 1746 Christi
430 1677 557 1750 fiducia
574 1695 608 1744 et
624 1705 685 1771 spe
698 1688 736 1746 in
753 1705 793 1744 eo
808 1681 992 1768 ponenda,
1014 1685 1167 1768 seipsum
1184 1686 1265 1760 imo,

290 1813 456 1889 tanquam
479 1823 631 1890 superne
660 1807 817 1880 missum,
840 1801 958 1866 solutis
984 1803 1074 1864 viam
1097 1803 1163 1864 suis
1186 1821 1267 1888 ape·

288 1927 441 1986 siturum
462 1946 534 1986 esse
555 1923 769 2009 praedicavit
787 1926 828 2004 ⁵).
863 1920 1106 1984 Gnosticorum
1122 1923 1265 1983 nomine

290 2061 370 2126 ergo
400 2010 664 2131 metaphyiicae
698 2038 884 2108 cuiusdam
917 2040 1086 2106 scientiae
1114 2037 1265 2112 cultores

289 2150 485 2245 significare
513 2158 540 2218 si
566 2153 750 2229 volumus,
776 2154 966 2224 'Gnosticus
994 2155 1060 2216 erit
1090 2153 1273 2248 ‹licendus¹

289 2275 435 2364 Sim0n‚·
465 2277 518 2336 sin
549 2287 684 2352 antem,
714 2287 752 2337 ut
781 2273 886 2364 vulgo
918 2269 974 2351 fit,
1000 2274 1263 2342 haereticorum

291 2387 425 2457 Christi
444 2392 707 2458 uenerationem
726 2383 972 2484 profitentium
990 2388 1137 2478 aliquod
1150 2407 1262 2476 qenus
1368 2385 1371 2393 ¹

287 2507 431 2569 nornine
446 2503 507 2568 illo
521 2504 778 2594 intelligamus,
793 2504 887 2589 haud
904 2506 1087 2566 conveniet
1105 2504 1146 2564 ei.
1168 2501 1266 2566 Cete-

286 2645 367 2687 rum
389 2621 487 2707 quod
512 2621 609 2708 apud
629 2626 813 2707 scriptores
840 2619 1087 2682 ecclesiasticos
1100 2620 1148 2677 vin
1166 2613 1265 2678 Chri-

264 2775 265 2778 ¹
285 2741 479 2802 stianorum
498 2737 673 2800 erroribus
698 2733 930 2798 recensendis
947 2735 1028 2796 scita
1051 2733 1124 2794 eius
1143 2729 1262 2792 locum

225 2823 229 2840 Ι
287 2851 462 2940 aliquem,
484 2875 548 2916 neo
565 2849 726 2918 infimum
741 2850 905 2936 quidem,
923 2848 1165 2934 obtinuerunt,
1190 2867 1261 2908 non

287 2965 403 3032 solum
416 2989 476 3044 eo,
490 2969 526 3036 ni
544 2965 664 3042 fallor,
680 2979 731 3032 est
743 2964 992 3040 referendum,
1009 2977 1044 3058 nt
1061 2953 1262 3030 haeresium
1292 2976 1294 2982 ’

316 3220 348 3292 l)
381 3225 530 3280 Irenaeus
545 3223 564 3279 l.
580 3223 610 3292 I,
628 3239 671 3295 cp.
690 3226 735 3290 23,
749 3239 779 3294 p.
796 3227 834 3283 99
849 3239 912 3302 sqq.
948 3219 1102 3292 Epiphan.
1117 3218 1205 3274 haer.
1218 3223 1261 3274 21.

388 3321 564 3394 Theodoret⁸
583 3321 699 3377 haeret.
718 3319 789 3390 sab.
812 3320 830 3375 l.
849 3321 881 3388 t,
913 3335 958 3390 ep.
978 3323 1003 3373 2.
1044 3317 1146 3374 Multo
1169 3317 1260 3384 magis

383 3421 536 3492 perspicua
554 3428 582 3474 et
602 3420 638 3474 ab
654 3431 774 3474 auctore
795 3421 858 3489 ipso
874 3417 1016 3472 intellecta
1034 3417 1136 3470 adsunt
1154 3414 1183 3466 in
1196 3416 1261 3470 lte.

383 3516 602 3592 coquitionihus
618 3529 645 3572 et
657 3518 803 3576 Homiliis
813 3516 946 3573 Pseudo-
957 3512 1162 3580 clementinis,
1178 3511 1258 3566 bono

381 3615 461 3670 houd
491 3617 597 3684 exiguo
627 3617 712 3674 nobis
739 3617 857 3682 futura,
883 3615 1045 3692 dummodo
1072 3611 1258 3684 exploratum

382 3730 478 3790 esset,
494 3721 563 3792 quid
582 3721 617 3774 de
635 3721 716 3776 hisce
734 3720 816 3798 libris
833 3720 953 3774 omnino
969 3717 1151 3774 statuendum
1170 3713 1216 3770 sit.

315 3837 347 3902 5)
386 3839 535 3914 Oriqenes
559 3846 657 3895 contr.
682 3837 757 3896 Cels.
778 3837 799 3900 l,
824 3837 864 3906 V,
891 3850 958 3908 cap.
975 3835 1023 3904 52,
1050 3833 1095 3890 sd.
1121 3833 1261 3888 Delatus

383 3938 469 3996 Tum.
486 3940 519 4009 I,
533 3957 564 4014 ρ.
582 3941 640 3998 625.
