2890 4612
291 323 331 384 82

296 523 408 587 quum
425 511 518 562 recta
545 509 578 560 ct
598 517 677 561 sana
699 517 931 584 quaecunque
949 498 1174 584 proferrent,
1195 499 1280 567 licet

293 616 337 680 ab
355 619 439 702 ipsis
459 613 548 679 nrale
569 611 749 677 intellecta
774 627 807 675 ot
826 613 1075 679 additamentis
1093 637 1276 680 ornamen-

292 739 409 822 tisque
433 757 558 822 parum
586 735 763 796 concinnis
788 746 910 810 aucta,
938 734 1125 799 a'Graecis
1149 742 1276 799 veteri·

291 851 376 928 bus,
406 849 550 915 Platone
578 851 760 936 inprimis,
790 854 938 913 mutuati
965 865 1098 929 essent,
1127 858 1273 918 mininie

289 983 407 1064 tamen
425 967 559 1030 honore
580 965 700 1030 debito
724 966 828 1030 hosce
851 969 1033 1056 magistros
1054 989 1130 1032 suos
1154 969 1272 1059 digua·

290 1101 432 1162 rentur,
461 1107 579 1174 neque
612 1087 754 1148 omnino
781 1087 995 1152 Graecorum
1024 1087 1270 1174 philosophiae

289 1209 417 1269 iustum
439 1208 595 1292 pretium
615 1217 805 1270 statuerent
824 1205 880 1288 2⁶).
919 1203 1018 1266 Alios
1037 1204 1136 1270 aliter
1151 1227 1190 1268 ac
1204 1206 1269 1271 hos

289 1347 366 1414 erga
389 1327 543 1414 insignes
562 1323 733 1410 quosdam
754 1327 846 1387 inter
863 1327 1023 1409 antiquos
1041 1325 1269 1414 philosophos
1297 1379 1301 1384 ,

286 1442 426 1508 affectos
445 1445 552 1508 fuisse
568 1457 698 1506 constat
712 1445 767 1529 ²²).
793 1444 839 1506 In
857 1444 1058 1508 universum
1072 1467 1155 1508 vero
1168 1448 1269 1508 aesti-

287 1564 414 1636 manti,
437 1583 507 1622 non
534 1559 675 1625 Graecis
701 1563 895 1646 praecipue
924 1574 1106 1646 acceptam
1131 1561 1268 1626 referre

287 1681 493 1765 sapientiam
532 1697 629 1764 suain
661 1679 743 1740 istos
774 1676 946 1752 voluisse,
980 1680 1137 1764 ipsorum
1172 1645 1321 1744 dicti-⁶¹³³

286 1796 462 1882 quaedam
487 1789 641 1880 probare
665 1779 750 1854 inihi
772 1792 958 1870 videntur,
988 1815 1079 1881 quae
1103 1816 1163 1858 suo
1187 1793 1265 1857 loco

285 1911 456 2000 allaturus
479 1923 512 1972 et
531 1909 769 1997 explicaturus
790 1933 876 1972 suin.

312 2220 359 2290 26)
382 2223 499 2281 Plotio.
520 2222 541 2278 l.
559 2240 585 2277 c.
603 2238 649 2294 cp.
662 2221 695 2290 6,
709 2237 743 2292 ρ.
758 2224 825 2288 203,
843 2217 907 2276 204.

311 2337 359 2406 27)
384 2338 469 2408 Apud
507 2337 709 2408 Carpocrntis
736 2347 898 2391 sectatores
929 2333 996 2388 tanti
1007 2321 1149 2388 ''nomuis
1175 2335 1265 2389 fuisse

384 2437 619 2510 Pythaqoram‚
637 2435 816 2506 Platonem,
831 2433 1032 2489 Aristotelem
1050 2433 1180 2503 aliosque
1198 2433 1269 2504 phi2
1361 2473 1365 2484 .

291 2513 294 2520 ¹
383 2538 545 2608 Iosophos,
570 2535 759 2608 perhibetur,
784 2547 816 2592 ut
839 2533 976 2601 imagines
999 2550 1103 2586 eorutn
1122 2538 1264 2588 unacum

383 2641 491 2694 Christi
514 2639 638 2706 imagine
662 2639 711 2705 (in
732 2637 851 2691 oedibus
869 2637 947 2700 suis)
971 2636 1137 2688 constitutas
1160 2647 1264 2686 serva·

380 2748 464 2804 rent,
482 2755 512 2791 v.
531 2736 612 2792 Irata.
634 2737 655 2791 i.
670 2737 681 2790 i
692 2777 702 2804 ,
722 2753 769 2806 cp.
783 2739 829 2802 25,
849 2731 905 2802 §.6
924 2734 972 2797 (de
992 2748 1047 2800 qua
1066 2745 1169 2782 eorurn
1187 2747 1263 2782 con-

382 2837 535 2894 suetudine
568 2854 627 2892 nou
660 2837 695 2889 nd
722 2835 868 2888 idoiorurn
900 2831 1010 2883 cultum
1042 2829 1192 2882 referenda
1221 2830 1262 2892 cf.

381 2940 516 2995 Miinter
539 2937 587 2993 ub.
618 2937 648 2992 d.
672 2933 785 3016 kirchl.
808 2928 945 2986 Altertlz.
971 2930 1001 2985 d.
1025 2930 1134 2987 Gnosi.
1159 2947 1205 3002 cp.
1227 2933 1262 3002 5,
1428 2891 1429 2971 i

379 3058 412 3114 p.
430 3046 478 3099 231
496 3045 591 3114 sqq).
