2890 4612
296 295 336 366 96

295 475 407 544 Persis
433 480 744 556 consuetudinem,
767 499 1034 570 sacrarumque,
1058 502 1149 568 quae
1174 482 1269 570 apud

294 593 397 684 hosce
416 596 565 686 populos
591 598 833 674 traderentur,
857 598 1124 684 disciplinarum
1148 623 1270 678 usum,

201 797 204 802 Ι
296 714 448 780 subinde
466 717 643 777 scientiam
661 716 831 778 eiusmodi
850 696 1037 780 sublimem
1055 732 1165 778 ortam
1183 741 1268 794 esse,

296 854 387 919 quae
402 854 418 896 a
438 831 575 895 Iudaeis
594 845 666 894 turn
682 832 1014 910 Palaestinensibus,
1032 847 1107 898 turn
1116 835 1268 899 Alexan.

221 923 225 936 Ι
295 950 393 1012 driae
421 953 623 1036 praesertim
651 951 944 1015 commorantibus
968 967 1086 1038 postea
1111 967 1216 1044 aucta*
1233 967 1272 1017 et.

293 1061 503 1151 amplificata
519 1070 571 1141 sit,
587 1079 694 1153 atque
712 1068 799 1134 uteo
814 1069 985 1154 perfecta,
1002 1081 1038 1133 ut
1053 1069 1268 1131 lineamenta

222 1229 226 1234 ι
295 1173 367 1246 eius
382 1189 480 1270 prius
500 1183 675 1269 descripta
691 1188 955 1274 pigmentorum
977 1191 1076 1271 quasi
1093 1187 1265 1251 coloribus
1340 1163 1344 1168 .

292 1299 545 1366 inducerentur
566 1303 625 1382 ¹⁰),

375 1407 537 1491 Danielis
554 1419 794 1508 aliorumque,
818 1427 879 1510 qui
900 1424 1013 1488 exsilii
1032 1438 1192 1514 ternpore
1208 1437 1267 1494 aut

291 1551 410 1625 postea
448 1543 637 1618 vixerunt,
679 1542 937 1629 prophetarum
971 1548 1130 1632 scriptis,
1168 1545 1267 1609 haud

292 1657 455 1731 obscura,
482 1678 548 1720 neo
573 1657 678 1720 hodie
697 1659 794 1744 apud
818 1675 985 1726 nostrates
1005 1685 1078 1746 prol
1091 1663 1267 1751 ambiguis

204 1785 215 1800 ‘'
290 1773 428 1846 habita,
449 1777 583 1864 ingenii
609 1777 744 1839 Iudaici
765 1777 1115 1848 Chaldaeo-Persicis
1142 1779 1267 1842 doctri-

289 1899 342 1960 nis
367 1895 495 1963 imbuti
520 1899 663 1985 vestigia
693 1899 819 1962 insunt.
870 1901 912 1960 In
939 1899 1028 1966 libro
1061 1898 1268 1992 Sapientiae

289 2011 457 2076 nonnulla
478 1989 670 2076 secuudum
689 2016 942 2082 Platonicorum
962 2041 1032 2081 nou
1050 2017 1181 2091 solum,
1197 2016 1269 2089 sed

292 2129 526 2206 Orientalium
558 2135 661 2192 etiam
692 2121 877 2194 sententias
906 2145 939 2193 et
966 2130 1140 2218 loquendi
1164 2155 1269 2194 usum

291 2249 499 2334 explicanda
510 2252 642 2316 detexit
654 2253 790 2313 criticus
802 2255 838 2312 in
854 2253 1047 2313 scrutandis
1060 2253 1100 2313 V.
1112 2250 1155 2312 Τ.
1164 2249 1268 2314 libris

263 2341 266 2350 ι
291 2333 593 2430 exercitatissimus
616 2367 670 2452 Η).
712 2369 831 2453 Pluto,
849 2375 1059 2455 peregrinae
1076 2372 1268 2454 sapientiae

292 2482 415 2560 cultor,
434 2489 495 2572 qui
508 2489 702 2572 patriorum
717 2507 892 2546 sacrorum
908 2481 1115 2570 discipliirae
1134 2487 1265 2572 simpli·

291 2603 429 2663 citatem
448 2603 661 2666 Graecorum
685 2595 879 2688 elegantiae
899 2607 1108 2666 ornamentis
1126 2608 1267 2674 cointio-

288 2739 365 2785 rent
387 2735 424 2783 ut
448 2721 632 2819 redoleret,
654 2719 751 2782 haud
775 2719 929 2784 alienum
955 2721 1121 2798 duceret,
1140 2725 1200 2786 ubi
1219 2724 1265 2787 de

289 2840 363 2902 Deo
384 2853 417 2902 et
435 2842 557 2900 animis
576 2840 735 2922 scripsit,
759 2836 915 2900 uberiori
935 2842 1038 2900 etiam
1058 2840 1264 2926 elatiorique
1343 2876 1348 2886 ·

287 2983 367 3024 usus
393 2977 441 3022 est
471 2965 624 3022 oratione
652 2959 824 3049 quadam,
852 2959 895 3022 ab
925 2959 1159 3022 Orientalium
1187 2960 1264 3022 stilo

199 3051 203 3056 ι
289 3075 387 3140 haud
415 3077 563 3156 absona3
594 3099 673 3137 cum
699 3079 736 3138 in
761 3075 835 3138 aliis
864 3075 1027 3164 siugulis,
1058 3091 1132 3138 tum
1159 3085 1197 3140 in
1225 3067 1264 3142 iis

290 3201 518 3288 praesertim,
542 3219 633 3288 quae
652 3197 695 3260 ad
712 3201 855 3263 virtutes
873 3211 979 3284 atque
998 3195 1125 3287 agendi
1146 3197 1265 3262 modos

290 3393 517 3410 m
592 3399 598 3406 a

316 3495 362 3582 to)
390 3533 418 3569 v.
434 3517 637 3587 Kleulcerum,
657 3517 678 3574 l.
695 3535 719 3573 e.
740 3535 770 3589 p.
787 3516 824 3572 42
834 3536 898 3598 sqq.

316 3632 362 3695 tt)
389 3646 417 3683 v,
435 3630 610 3698 Eiclzlzorn‚
633 3632 813 3704 Einleitunq
830 3633 863 3684 in
881 3631 928 3684 die
943 3619 1125 3698 Apocryph.
1144 3613 1269 3690 Schris=

391 3743 441 3787 ten
464 3735 491 3789 d.
511 3741 551 3789 Α.
572 3737 605 3789 Τ.
626 3709 863 3808 Leipzij1795,
885 3751 916 3804 ρ.
934 3739 981 3786 101
1002 3749 1065 3802 sqq.
1086 3729 1136 3782 sed
1158 3729 1268 3792 integra

293 3835 295 3840 “
391 3836 597 3888 commentatio
622 3846 666 3888 cst
687 3831 823 3902 legenda,
848 3832 871 3884 si
891 3830 1016 3884 auctoris
1039 3837 1167 3886 mentem
1190 3834 1268 3880 recte

392 3927 550 3999 intelligere
568 3930 622 3992 vis.
