2890 4612
300 351 340 413 88

300 527 499 611 ,primirum
527 522 681 608 ideoque
706 534 739 585 et
761 522 925 588 ultimum
943 561 985 576 -
1009 520 1073 608 (sc.
1092 523 1139 587 ita
1159 523 1281 593 dicere

299 643 354 720 ,ei
372 642 583 726 permissum
604 642 701 718 est).‘⁸
723 635 755 721 3)

380 763 476 824 Haec
507 757 590 820 mali
614 759 805 846 explicatio
838 761 925 822 sicut
952 759 1070 846 aliqua
1101 783 1147 824 ex
1177 775 1278 850 parte

297 881 540 954 dubitantibus
563 881 759 946 satisfacere
787 887 920 971 potuit,
942 887 1007 962 ita,
1030 885 1056 946 si
1084 888 1276 948 accuratius

296 999 622 1090 pervestigabatur,
653 998 720 1062 alia
744 1003 877 1065 ratione
902 1021 1058 1064 mancam
1088 1023 1124 1064 se
1151 1001 1278 1066 debuit

295 1111 481 1208 praebere,
497 1140 561 1180 nec
577 1116 621 1179 ad
634 1121 872 1203 quaestionem
887 1117 997 1194 illam,
1016 1138 1106 1205 quae
1120 1116 1274 1180 maxime

279 1317 282 1334 ι
296 1249 482 1320 occupatos
500 1247 637 1298 teneret
654 1248 788 1300 veteres
803 1235 1051 1322 philosophos,
1066 1234 1276 1324 plurimum-

294 1373 365 1438 que
383 1355 514 1440 negotii
536 1355 577 1414 iis
599 1365 749 1428 crearet,
772 1375 791 1414 e
808 1355 904 1416 tricis
924 1357 992 1416 suis
1012 1353 1275 1438 expediendam

295 1468 403 1554 plane
421 1469 597 1532 idoneam.
638 1469 725 1532 Mali
749 1473 843 1532 enim
871 1469 923 1534 vis
944 1493 1024 1534 cum
1050 1473 1087 1532 in
1110 1471 1193 1533 boni
1214 1470 1275 1533 dc·

294 1583 391 1646 fectu
425 1599 638 1670 poneretur,
675 1589 748 1649 eius
778 1586 987 1673 descriptio,
1019 1592 1157 1675 quippe
1182 1609 1274 1672 quae

294 1701 459 1790 negando
481 1702 614 1777 solum,
636 1703 733 1788 quod
753 1725 824 1766 non
854 1717 942 1767 esset
960 1707 1095 1790 ipsum,
1118 1699 1275 1767 efficere-

294 1833 370 1895 tur,
391 1822 494 1882 nimis
512 1821 623 1882 inanis
640 1823 821 1906 apparuit,
845 1843 952 1906 quarn
972 1833 1009 1883 ut
1025 1824 1131 1908 ipsius
1150 1814 1275 1883 natura
1318 1847 1321 1852 ·

286 1939 341 1999 ita
373 1940 528 2023 perspici
558 1959 659 2024 posse
687 1937 891 2009 videretur;
928 1949 1035 2021 atque
1062 1939 1100 1998 iu
1131 1907 1275 2021 promtu
1341 1971 1346 1982 =

294 2055 379 2130 fuit,
403 2060 586 2141 utriusque
611 2058 788 2118 notionem
811 2055 952 2117 alterius
971 2054 1068 2117 haud
1090 2077 1174 2118 vere
1195 2077 1275 2118 eou-

292 2175 433 2236 trariam
461 2176 640 2248 constitui,
670 2196 748 2235 cum
771 2174 934 2235 transitus
959 2171 1004 2237 ab
1024 2171 1137 2234 altero
1160 2171 1204 2235 ad
1224 2171 1278 2235 al-

293 2305 408 2356 terum
429 2291 498 2355 sola
514 2294 549 2354 in
567 2289 741 2380 graduum
760 2285 957 2352 differentia
972 2290 1068 2358 cerni
1085 2287 1272 2352 diceretur.

294 2409 412 2502 Quare
440 2410 620 2474 interdum
653 2409 757 2472 etiam
789 2405 963 2469 accidisse
980 2408 1201 2483 invenimus,
1232 2422 1272 2471 ut

291 2529 418 2606 iidem,
450 2534 512 2616 qui
542 2530 587 2595 ab
618 2511 844 2593 emanationis
871 2527 1054 2593 doctrinae
1083 2529 1269 2614 principiis
1302 2577 1306 2596 .

330 2844 362 2906 3)
390 2841 531 2896 Ennead.
552 2841 586 2908 J,
609 2840 675 2908 l.8‚
704 2842 785 2908 cp.7
800 2840 865 2906 fin·
888 2854 924 2910 ρ.
944 2841 995 2906 77,
1018 2837 1126 2893 Ficino
1143 2839 1267 2910 interpr.

388 2941 522 2996 Primum
540 2941 626 3007 iliud,
646 2941 691 3015 cui
710 2941 779 2994 boui
796 2940 859 2994 idea
876 2940 1086 3009 testudinum,
1104 2940 1266 2996 secuudum

387 3047 508 3104 Plotini
527 3023 757 3121 metaphysicum
780 3057 823 3103 est
847 3041 887 3102 τὸ
910 3035 962 3117 ἓν,
988 3050 1118 3103 maxime
1145 3046 1271 3117 simplex

387 3167 416 3211 et
433 3157 486 3211 sibi
504 3155 652 3212 sufficiens
671 3157 802 3210 omnium
820 3171 908 3210 causa
931 3155 1058 3220 (unitate
1076 3155 1153 3208 enim
1172 3153 1270 3206 omnia

388 3255 470 3326 quasi
498 3256 699 3322 continentur,
724 3271 817 3325 eaque
842 3253 871 3307 iu
894 3253 1004 3320 singula
1031 3252 1134 3322 quevis
1160 3265 1192 3301 re
1221 3255 1270 3302 aut

388 3354 507 3422 notione
529 3353 661 3421 sublata,
685 3333 761 3406 haec
783 3329 845 3423 ipsa
870 3349 1058 3415 evanescit);
1083 3347 1215 3401 ultimum
1240 3345 1268 3398 ei

390 3477 407 3512 a
429 3462 547 3528 regione
571 3458 698 3530 positum
715 3468 760 3514 est
778 3451 818 3514 cd
839 3448 995 3535 ἄπειρον,
1020 3457 1138 3511 materia
1163 3450 1267 3507 indefi-

386 3571 463 3637 nita,
479 3571 573 3623 forma
591 3577 620 3621 et
637 3570 770 3640 qualitate
787 3585 901 3624 carens.
937 3567 1076 3622 Ceterum
1094 3562 1171 3616 haud
1189 3570 1266 3614 tem-

387 3687 460 3740 pore
479 3680 507 3722 et
524 3669 710 3740 antiquitate,
728 3669 779 3722 sed
798 3669 825 3722 vi
844 3678 953 3722 tantum
971 3684 1005 3721 ac
1021 3666 1145 3732 virtute,
1162 3679 1267 3717 cattsae

298 3805 299 3812 κ
388 3777 436 3822 aut
453 3768 571 3822 effectus
596 3769 707 3823 ratione
732 3767 787 3822 aiio
806 3768 866 3821 aliis
889 3767 1040 3838 superiora
1065 3774 1113 3818 aut
1130 3763 1268 3818 inferiora

334 3918 338 3925 ,
387 3866 520 3920 dicuntur
527 3884 538 3933 3
565 3881 633 3919 nam
657 3865 852 3933 „necessario
877 3879 945 3919 cum
967 3862 1062 3936 primo
1081 3871 1126 3919 eet
1143 3863 1266 3919 aiterum

345 3965 353 4000 t
386 3961 469 4020 πασέ*
