2890 4612
1101 305 1140 368 st
1313 303 1316 316 ¹

160 490 345 577 principiis
361 484 540 574 pendere,
561 479 695 572 singula
712 484 853 568 quaevis
869 480 988 569 quoad
1004 503 1143 554 causum

145 619 198 683 ‚et
218 601 326 668 finem
346 625 447 665 suum
466 602 644 685 aptissime
660 581 812 660 irivice'm
831 598 896 662 sibi
913 601 1143 686 respondere,

162 741 283 805 neque
303 740 475 804 pravum,
500 728 559 777 arrt
585 709 719 778 temere
746 719 970 778 constitutum
997 731 1030 782 et
1053 717 1145 782 arbi.

163 841 309 898 tranium
330 856 403 896 esse
420 834 601 906 ordinem,
624 854 694 916 qno
713 853 752 894 ea
771 852 844 894 sese
867 833 1144 920 subsequantur,

163 953 232 1018 alia
256 953 424 1018 videlicet
446 953 522 1016 aliis
548 952 734 1027 iuferiora,
767 952 830 1016 sed
855 956 1079 1016 iustissimum
1105 977 1145 1020 ec

162 1066 423 1148 necessarium
458 1071 629 1132 muudum
654 1069 853 1146 visibilem,
886 1087 1057 1158 quantum
1079 1097 1144 1160 per

163 1197 237 1276 eius
266 1197 432 1256 essentiae
458 1192 555 1282 leges
586 1189 715 1268 liceat,
745 1191 982 1280 intelligibilis
1012 1192 1148 1262 similli-

164 1337 281 1391 mum,
304 1327 339 1378 et
356 1315 420 1376 Dei
448 1335 551 1376 curae
573 1313 894 1399 providentiaeque
916 1334 989 1378 esse
1007 1316 1149 1398 partici-

164 1451 271 1516 pem,
294 1443 328 1493 et
350 1442 462 1492 totum
484 1432 541 1519 ita,
555 1452 627 1492 esse
646 1434 875 1505 instructum,
895 1441 1021 1516 totque
1045 1451 1149 1516 prae.

166 1548 258 1612 clara
282 1561 316 1610 et
334 1547 451 1610 diviua
475 1550 546 1608 imo
568 1547 775 1631 complecti,
798 1569 863 1634 ue,
885 1551 949 1610 uisi
969 1548 1014 1610 ab
1037 1551 1147 1636 impio

166 1668 322 1754 quodam
346 1667 537 1752 pulcrique
553 1665 651 1730 haud
675 1689 771 1730 secus
801 1689 839 1728 ac
863 1669 937 1729 veri
958 1688 1066 1728 sensu
1094 1687 1149 1728 ca.

103 1863 107 1870 .
165 1796 268 1846 rente
295 1783 551 1867 vituperandus
576 1785 769 1847 existimari
791 1797 916 1868 queat,
943 1795 1003 1844 sut
1027 1795 1148 1850 auctor

165 1907 240 1966 eius
261 1903 476 1966 accusandus
503 1905 561 1986 2⁵)⁴

247 2023 344 2084 Haec
375 2021 421 2084 de
456 2022 638 2085 haereticis
662 2019 910 2109 philosophiae
939 2019 1013 2096 itti,
1050 2021 1150 2085 cuius

166 2141 349 2202 auctoritas
382 2153 465 2202 tunc
491 2143 584 2202 inter
611 2139 738 2202 multos
766 2151 908 2223 recepta
937 2149 1044 2211 esset,
1075 2140 1150 2200 sive

168 2247 419 2331 consentanca,
455 2278 516 2319 seu
546 2256 660 2318 aliena
691 2254 912 2318 tradentibus
948 2256 1151 2318 summatim

166 2375 385 2433 annotavisse
408 2369 574 2443 sufficiat,
596 2393 714 2454 neque
734 2374 770 2430 in
792 2369 957 2456 singulis,
979 2391 1070 2456 quae
1095 2391 1151 2434 eo-

167 2481 252 2548 dem
279 2488 479 2572 pertinent,
513 2484 749 2546 memorandis
782 2497 816 2546 et
844 2487 938 2546 inter
964 2507 1000 2546 se
1032 2484 1152 2547 confe-

166 2605 305 2680 rendis,
328 2628 374 2666 ne
395 2625 501 2690 supra
527 2603 670 2667 modurn
696 2603 832 2692 prolixa
860 2598 917 2665 fiat
938 2602 1151 2689 disputatio,

167 2728 235 2788 iam
267 2745 510 2784 immoremur.
552 2721 718 2791 Plolitzus
753 2719 935 2790 Gnosticos
968 2741 1043 2796 eos,
1073 2724 1152 2807 qui.

167 2841 317 2908 buscum
339 2846 573 2908 controversia
598 2846 630 2904 ei
660 2841 746 2918 fuit,
775 2841 862 2906 tales
886 2839 1066 2916 exhibuit,
1088 2845 1152 2928 qui

194 3140 242 3206 25)
270 3137 390 3193 Plotio.
401 3137 543 3196 Ermead.
560 3139 615 3206 II,
634 3137 654 3194 l.
669 3143 700 3197 9.
712 3169 745 3183 ·-
762 3136 902 3192 Ceterum
920 3137 1056 3204 singulari
1073 3154 1152 3207 quo-

270 3238 337 3290 dam
354 3241 444 3289 modo
454 3237 665 3290 Gnosticorum
681 3235 823 3304 figmentis
836 3238 997 3290 consimilia
1012 3238 1154 3290 nonnulla

269 3348 300 3392 et
315 3352 447 3403 congrua
465 3337 539 3406 apud
556 3335 724 3388 Platonicos
743 3348 847 3404 quarto
865 3349 894 3388 et
911 3337 1013 3406 quinto
1033 3354 1061 3406 p.
1078 3336 1153 3392 Chr.

270 3436 391 3491 saeculo
410 3435 564 3498 celebres,
590 3431 797 3486 Jambttctum
818 3435 948 3505 inprimis
966 3448 994 3488 et
1011 3435 1152 3491 Damas,

272 3537 366 3604 cium,
384 3535 630 3605 deprehendimus
649 3539 695 3597 (ut
708 3545 819 3588 taceam
837 3537 872 3589 de
886 3537 1071 3592 Hermettcr'r
1087 3539 1154 3606 illis,

271 3653 347 3706 quae
366 3646 434 3687 tunc
454 3617 767 3698 circumtc'rebanturl,
793 3633 841 3685 ubi
859 3635 895 3685 ‹le
913 3636 984 3699 diu,
1002 3635 1151 3690 ‹laemoui

271 3734 346 3803 bue,
371 3735 471 3789 arrianis
496 3735 587 3787 verba
610 3734 732 3800 iaciunt,
761 3737 919 3803 mystagogi
938 3737 1015 3789 haud
1039 3738 1154 3816 minus,

271 3849 359 3902 quam
387 3833 564 3904 philosophi.
602 3831 648 3886 Cf.
673 3832 833 3888 Massueti
852 3833 887 3888 in
907 3835 1034 3889 benerei
1061 3833 1155 3892 libros

271 3930 405 3988 disserti.
417 3931 567 4001 primam.

935 4031 956 4101 6
