2886 4608
291 323 331 394 66

372 507 544 596 Dogmata
575 523 697 569 eornm
736 468 782 566 sd
809 491 1110 569 Christianismum
1141 509 1178 570 in
1217 511 1265 574 aia

289 631 513 715 praesertim,
537 646 635 709 ,quae
663 623 708 687 ad
741 623 927 688 hominurn
958 624 1107 690 salutem
1138 649 1157 690 a
1189 630 1263 692 Deo

288 757 446 828 partam,
480 727 659 804 advitam
697 739 871 814 futuram,
906 739 1004 804 diem
1034 745 1263 812 novissimum

289 873 464 944 spectent,
499 859 595 922 varie
619 856 878 929 accommodata
904 872 982 920 sunl
1008 871 1041 922 el
1067 837 1278 945 applicatas

286 981 348 1065 qui
368 980 613 1062 primariorum
634 979 702 1038 imo
725 977 829 1036 etism
849 973 1061 1042 Christianae
1083 975 1261 1064 religionis
1289 985 1301 1006 “

287 1099 439 1181 capitum
455 1093 678 1180 quorundam
696 1095 902 1158 sententiam
918 1093 955 1154 in
971 1087 1261 1182 significationem

187 1247 190 1252 ·
285 1211 423 1300 placitis
442 1215 511 1276 suis
531 1225 667 1296 aptam,
689 1210 773 1273 licet
792 1231 809 1272 a
829 1212 981 1300 genuino
1002 1233 1106 1274 sensu
1124 1203 1276 1277 alienis(

284 1336 427 1408 rimam,
449 1331 663 1417 detorquere
677 1331 776 1398 haud
791 1344 999 1404 vererentur
1023 1327 1080 1419 ²⁰),

284 1499 516 1525 ’mm
544 1515 549 1522 .

386 1623 452 1662 rum
474 1608 635 1678 praeceptis
649 1607 828 1664 verbotenus
849 1609 998 1678 descriptis
1013 1608 1146 1679 meritos,
1164 1625 1179 1663 a
1197 1607 1264 1664 ote.

381 1717 481 1763 merite
493 1711 669 1778 vituperatos
687 1725 716 1763 v.
731 1686 759 1760 in
772 1709 921 1763 Stromat.
939 1707 958 1762 I.
973 1707 1046 1776 III,
1065 1725 1109 1778 cp.
1122 1715 1149 1776 1,
1161 1711 1260 1778 p.510,

380 1817 412 1862 ut
425 1807 526 1861 similia
542 1807 672 1860 eiusdem
688 1809 727 1862 tei
742 1808 877 1878 exempla
892 1799 1118 1877 praetereamus.
1153 1807 1258 1880 Quen,

379 1906 487 1970 tumvis
507 1901 535 1957 in
558 1909 651 1967 maius
676 1915 798 1960 exsucta
821 1917 849 1960 et
872 1907 971 1969 verbis
994 1916 1166 1975 exaggerata
1186 1889 1275 1974 sint,¹

379 2023 454 2086 quae
476 2005 571 2074 quoad
595 2020 713 2064 morum
737 2003 957 2082 perversitatem
983 2006 1079 2062 multis
1097 1987 1260 2069 Gn'ostico·

377 2102 631 2170 rmnopprobrio
664 2103 794 2173 fecerunt
829 2111 924 2170 patres
954 2103 1156 2168 ecclesiastici,
1181 2103 1259 2158 haud

378 2198 601 2254 moderatissimi
624 2213 747 2265 omnes,
768 2205 800 2250 ut
818 2198 971 2265 nouimus,
996 2207 1026 2252 et
1046 2197 1211 2270 aequissimi
1231 2199 1259 2253 in
1287 2207 1315 2260 “,

376 2297 607 2362 τοΐοτεηᾱὶε,αιιῑ
628 2296 832 2364 diiudicandis,
856 2314 932 2368 quae
953 2295 1087 2352 invidiam
1111 2300 1259 2354 'concitare
1286 2283 1288 2287 ⁵
1341 2308 1347 2317 ’

376 2409 494 2470 possent
516 2397 689 2462 haereticis,
706 2396 742 2450 ab
761 2397 841 2454 omni
859 2405 956 2456 tamen
977 2397 1061 2467 eulpa
1082 2398 1149 2462 illos
1165 2399 1260 2455 vindis

376 2515 444 2552 care
464 2497 492 2550 in
509 2506 590 2556 tamn
610 2496 728 2559 testium
748 2512 895 2552 consensu
915 2511 952 2549 eo
967 2496 1063 2550 miuus
1084 2496 1170 2552 nobis
1188 2515 1258 2569 per·

360 2573 497 2654 *missurn
513 2598 584 2664 erit,
602 2611 662 2664 quo
678 2595 769 2662 magis
784 2595 954 2664 perspicuae
969 2595 1022 2648 sint
1036 2611 1139 2655 causae
1153 2611 1257 2657 eorum

373 2695 492 2748 erroris.
526 2691 700 2755 Plotinum,
718 2687 939 2744 Platonicorum
964 2688 1146 2758 principem,
1167 2687 1257 2754 iniis,

373 2800 476 2845 contra
501 2802 579 2858 quos
604 2787 737 2856 scripsit,
764 2785 865 2839 similia
893 2783 1115 2854 reprehendisse
1141 2785 1255 2840 inveni-

372 2891 459 2954 r'nns,
480 2898 566 2954 atque
582 2883 741 2952 apartibus
759 2897 834 2951 quoe
852 2888 949 2935 notata
965 2891 1052 2951 sunt,
1069 2868 1255 2950 vartnead

371 2985 427 3054 11,
445 2984 463 3041 l.
475 2990 511 3052 9,
528 2988 599 3042 rect.
615 2984 665 3052 15,
684 2981 727 3038 ed.
740 2981 838 3040 Ficta.
850 2997 882 3055 p.
900 2985 958 3044 213.

300 3141 348 3205 30)
374 3136 423 3192 Ne
450 3134 584 3206 principia
612 3134 765 3188 universae
792 3131 931 3189 Guoseos
953 3141 982 3187 et
1005 3149 1038 3190 ea
1063 3135 1201 3205 omnino,
1225 3136 1255 3191 in

372 3230 478 3301 quibus
504 3228 545 3281 rei
571 3226 659 3282 cardo
682 3228 825 3293 verritur,
850 3242 918 3280 cum
944 3226 1005 3281 aliis
1026 3229 1254 3296 confundendo,
1286 3229 1293 3242 '

370 3351 446 3406 quse
466 3331 635 3388 secundaria
659 3339 686 3384 et
709 3328 867 3392 adventicia
891 3328 1113 3408 quodammodo
1131 3329 1253 3396 dicenda

369 3441 454 3498 sunt,
479 3429 626 3486 inutilibus
644 3427 813 3498 amhagibus
837 3425 1019 3498 implicemus
1044 3429 1248 3502 quaestionem

355 3539 404 3594 vde
427 3538 536 3604 origine
558 3535 621 3592 eius
643 3551 717 3594 mox
735 3534 957 3600 instituendam,
980 3534 1137 3604 separatim
1157 3527 1197 3601 ὡς
1219 3530 1253 3590 ἐν

369 3645 501 3732 παρόδῳ
530 3666 801 3708 commemoremus
833 3649 998 3706 Christiana
1021 3648 1177 3717 dogmata,
1201 3665 1252 3703 re.

367 3769 485 3816 tractata
509 3758 602 3829 qualia
625 3747 782 3826 proderent
802 3753 877 3809 illius
901 3760 1036 3808 auctores
1062 3759 1090 3805 et
1106 3751 1253 3826 magistri,

279 3865 282 3870 '
367 3871 396 3914 et
413 3859 532 3916 artifieio
553 3859 652 3928 aliquo
675 3855 812 3924 singulari
830 3854 989 3910 elaborata.
1023 3851 1184 3909 Salutarem
1210 3851 1247 3906 de

367 3959 486 4025 christo
502 3957 618 4034 seueris
636 3955 756 4021 humani
775 3955 931 4018 Servatore
950 3949 1112 4016 doctrinam
1129 3967 1252 4029 prorsus
