2890 4612
294 353 353 421 tlt

527 503 534 522 0

298 529 489 620 sophorum
530 529 785 619 (Graecorum)
822 528 950 610 libros,
998 529 1270 598 Clrristiuhorum

294 647 467 714 librorum
494 653 627 713 tutione
657 635 799 726 habita,
842 645 1007 739 vulgares
1036 640 1271 736 appellasset,

326 905 329 916 ¹
391 925 450 984 uon
474 944 592 1034 senrfer
619 930 655 989 sit
680 928 829 1002 populus,
863 928 915 984 sed
944 945 1154 1000 nonnunquam
1182 911 1266 986 etium

386 1023 473 1100 plebs
496 1045 548 1082 seu
571 1027 695 1104 vulqus,
720 1031 802 1086 facile
823 1027 924 1100 vides,
949 1032 1100 1106 quomodo
1120 1031 1265 1086 vocabulo

387 1133 426 1187 illi
450 1136 528 1188 notio
546 1135 609 1185 τοῦ
632 1125 892 1210 vulyaris‘subiici
911 1136 1045 1206 potuerit.
1081 1136 1217 1190 Clemens
1237 1136 1266 1189 in

389 1239 525 1308 proxime
547 1255 631 1310 seqq.
657 1239 718 1292 hoo
742 1240 849 1292 dictum
876 1238 1048 1306 diiudicant,
1076 1237 1105 1291 iu
1123 1251 1266 1308 suspenso
1294 1228 1298 1232 ’

389 1333 543 1405 relinquit,
568 1349 644 1404 quos
663 1334 709 1390 ille
730 1335 821 1390 libros
841 1335 978 1389 denotare
997 1335 1138 1404 voluerit3
1156 1336 1207 1388 sed
1230 1336 1265 1388 de

304 1415 312 1426 ¹
371 1401 521 1486 'ludricis
553 1450 620 1488 eum
647 1433 807 1502 cogitasse,
836 1433 931 1486 statim
959 1425 1122 1504 apparebit(
1159 1432 1265 1502 Oppo-

382 1542 511 1600 rruntur,
537 1550 612 1604 quae
630 1537 734 1604 scriptu
756 1534 783 1588 iu
805 1535 852 1590 his
871 1535 971 1604 libris,
994 1535 1045 1601 iis,
1063 1550 1136 1604 quae
1159 1534 1266 1603 scriptu

389 1630 570 1682 inveniuntur
585 1630 660 1700 apud
682 1631 836 1684 ecclesium
852 1631 929 1698 Dei,
953 1631 971 1685 i.
991 1649 1019 1686 e.
1038 1628 1161 1686 inlibris
1178 1633 1266 1684 sacris

390 1721 433 1779 N.
459 1725 499 1779 T.
525 1727 585 1792 (cf.
614 1725 795 1783 Tertullian.
823 1729 859 1781 de
888 1729 1125 1800 praescription.
1149 1725 1266 1786 haeret.

320 1819 322 1828 ’
390 1838 435 1892 cp.
455 1827 510 1878 38:
541 1822 737 1890 ‚,Vulentiuus
764 1825 875 1894 integro
901 1827 1090 1879 instrumento
1118 1825 1157 1878 uti
1182 1825 1264 1878 vide·

388 1918 501 1984 tur“),
520 1930 605 1989 etque
621 1937 689 1974 otuu
710 1919 775 1996 leqe
791 1921 877 1977 cordi
891 1924 1042 1994 inscripta
1056 1926 1098 1987 (v.
1113 1921 1205 1977 Paul.
1217 1911 1269 1976 ⁴nd

387 2021 481 2077 Rom.
497 2034 540 2091 cp.
553 2025 628 2079 2vs.
646 2029 680 2078 15
695 2027 731 2079 cf.
746 2042 789 2096 ep.
807 2026 851 2080 ud
859 2023 950 2078 Hebr.
967 2041 1013 2096 cp.
1028 2029 1046 2078 S
1062 2042 1104 2079 us.
1117 2029 1163 2086 10)
1178 2040 1264 2078 com·

388 2135 503 2196 purete,
529 2107 638 2181 inania
663 2131 796 2181 dicuutur
819 2127 923 2182 uerba·
943 2121 990 2180 τὰ
1014 2122 1079 2182 απὸ
1110 2121 1264 2202 καρδίας,

388 2236 408 2289 i.
428 2253 453 2288 e.
474 2253 495 2288 α
519 2227 701 2310 cogitatione
724 2254 805 2309 vuqa
821 2235 982 2306 profecta,
1007 2253 1085 2310 qnae
1106 2237 1140 2292 in
1159 2238 1265 2292 animo

389 2334 475 2390 haud
487 2337 632 2407 insideat,
651 2339 785 2406 singulari
805 2355 871 2392 sune
899 2339 1036 2406 loquendi
1056 2353 1110 2390 usu
1121 2378 1132 2404 ,
1153 2339 1204 2391 sed
1225 2352 1264 2391 ex

392 2443 523 2496 antithesi
550 2444 734 2512 sequentium
764 2443 988 2512 interpretando.
1033 2441 1177 2496 Pulticula
1201 2435 1264 2520 γὰρ

390 2567 435 2612 est
452 2571 577 2626 nempe,
594 2554 738 2608 uidelicet.
774 2556 858 2626 Quae
877 2555 979 2608 deiude
1000 2555 1148 2622 leguntur.
1167 2545 1264 2621 οὗτος

390 2695 430 2712 ·-
448 2664 676 2744 ἠγαπημένον,
698 2669 851 2723 tnanilesto
867 2681 1002 2737 corrupta
1018 2678 1094 2724 suut.
1132 2667 1266 2727 Grattius
1346 2656 1351 2665 Κ

388 2769 484 2857 λόγοςΙ
496 2801 555 2864 'pro
573 2779 651 2847 λαὸς
670 2784 829 2851 substituit,
845 2795 873 2836 et
890 2781 1011 2836 verbum
1026 2783 1128 2837 dilecti
1142 2785 1178 2836 de
1194 2785 1263 2836 Ser-

392 2909 493 2954 vutore
518 2900 580 2969 ipso
603 2899 760 2963 intellexit,
784 2913 871 2966 quem
893 2907 922 2948 et
937 2893 1036 2970 νόμον
1053 2873 1090 2950 ub
1113 2895 1264 2951 haereticis

392 3006 528 3076 appellari
560 3009 675 3058 solitum
711 3003 836 3074 probare
865 3007 981 3058 studuit.
1026 3002 1092 3058 Neo
1120 3019 1192 3056 vero
1221 3005 1264 3060 sio

391 3107 476 3160 etiem
501 3090 598 3159 omnia
626 3106 693 3160 sutis
716 3104 866 3174 perspicue
891 3115 919 3156 et
945 3104 1087 3157 concinna
1114 3105 1264 3170 videntur,

386 3221 446 3260 uec
468 3214 547 3256 recte
569 3203 718 3268 intelligis,
737 3202 887 3270 quomodo
914 3201 1012 3254 ultima
1036 3201 1172 3254 sententia
1196 3217 1264 3253 cunr

391 3299 626 3357 antecettenrtbus
659 3299 824 3351 cohaereat.
873 3297 989 3350 Leviori
1017 3299 1141 3366 quadarn
1168 3309 1264 3349 muta-

392 3413 471 3466 tione
498 3419 609 3462 textuut
635 3411 784 3460 restituere
812 3420 964 3458 conemur.
1007 3403 1067 3457 Pro
1094 3406 1110 3463 ὁ
1135 3405 1218 3473 λαος
1244 3393 1264 3462 ὁ

394 3531 457 3584 τοῦ
477 3523 685 3605 ἠγαπημένον
710 3521 727 3579 ὁ
750 3520 947 3602 φιλούμενος
971 3527 1027 3594 leg.
1051 3517 1067 3576 ὁ
1093 3517 1183 3575 λαου
1205 3519 1266 3574 τοῦ
1342 3593 1348 3604 ⁸

390 3638 441 3719 ἠγ.
467 3639 484 3696 ὁ
509 3638 598 3720 φιλ,
621 3644 699 3711 quod
714 3652 744 3692 ut
763 3643 791 3694 in
811 3642 879 3694 illud
899 3650 1136 3705 converteretur,
1159 3637 1265 3691 librarii

290 3819 294 3826 Ι
390 3754 519 3825 quodam
548 3755 675 3822 munde,
702 3751 756 3806 nisi
780 3754 873 3817 forte,
906 3753 984 3820 quod
1015 3748 1123 3814 singula
1154 3755 1265 3802 tautum

293 3854 297 3866 ⁴
391 3867 482 3922 verbu
503 3867 659 3938 respiciens
680 3868 782 3935 aliquis
803 3867 831 3919 in
850 3855 867 3914 ὁ
886 3855 971 3914 λαοῦ
987 3861 1165 3931 offenderet,
1184 3863 1265 3916 sanilo

393 3976 524 4032 recidere
544 3977 695 4048 potuisse,
716 3973 745 4028 lu
764 3979 884 4046 promtu
908 3981 961 4032 est.
994 3945 1111 4045 hliquid
1133 3969 1266 4044 praesidii
