2886 4608
437 1086 771 1172 CAPUT
837 1085 869 1168 Ι.

232 1238 270 1308 'N

635 1323 684 1388 nd

108 1519 111 1526 .
171 1467 340 1540 NOMINE
354 1471 411 1532 ΕΤ
427 1469 605 1533 AETATE
619 1468 876 1534 DOCTRINAE
889 1465 1146 1534 Gnosrtcan.

176 1865 444 1989 Gnosticorum
467 1921 611 1990 nornine
632 1919 890 2006 haereticorum
909 1931 1069 1983 veterum
1091 1939 1149 2012 ge·

175 2057 240 2098 nus
258 2033 438 2122 quoddam
457 2033 760 2123 comprehendere
784 2033 953 2110 solemus,
975 2056 1021 2098 ex
1036 2024 1152 2122 pluriss

156 2149 241 2216 ¹bus
265 2173 304 2214 ac
328 2153 431 2214 variis
456 2173 577 2218 eorum
603 2153 703 2216 sectis
729 2153 976 2240 compositum,
998 2169 1154 2238 quarunt,
1244 2242 1245 2245 Ἴ

175 2265 338 2358 dogmata
366 2272 554 2334 memoriae
586 2269 724 2355 prodita
753 2289 864 2354 quum
895 2265 992 2332 haud
1022 2267 1149 2334 leviter
1239 2266 1250 2368 ,Ι

174 2389 267 2451 inter
284 2409 319 2452 ae
336 2364 498 2454 differant
515 2387 663 2472 quidem
681 2398 717 2449 et
734 2385 955 2471 discrepent,
971 2385 1151 2451 doctrinae

174 2508 353 2592 principia
372 2517 490 2573 tamen
511 2517 546 2566 et
563 2525 697 2568 summa
722 2508 853 2590 capita,
875 2507 912 2568 in
936 2505 1063 2592 quibus
1082 2519 1152 2588 tra·
1200 2545 1204 2552 ·
1274 2577 1277 2584 ,

177 2621 302 2687 (lendis
331 2643 451 2686 omnes
478 2623 732 2697 consentirent,
763 2633 885 2682 natura
915 2623 1044 2682 sua-ita
1073 2632 1151 2684 sunt

178 2752 398 2827 comparata,
433 2751 471 2802 ut
505 2741 692 2826 proprium
726 2751 761 2802 et
797 2736 978 2824 peculiare
1012 2725 1151 2826 aliquid

174 2843 346 2932 habeant,
370 2853 559 2944 quofacile
576 2854 838 2944 distinguantur
858 2865 892 2917 et
910 2865 1150 2942 agnoscantur.
1224 2827 1228 2834 Ι

66 3011 72 3018 -
176 2971 323 3038 Nomini
338 2973 404 3059 ipsi
415 2973 465 3036 vis
478 2983 511 3034 et
522 2965 725 3060 significatio
739 2974 828 3033 inest
841 2973 892 3032 rei
908 2984 1150 3044 consentanea,
1251 3038 1256 3048 ,

178 3086 261 3150 licet
290 3085 506 3172 aliquamdiu
538 3087 681 3150 minime
706 3108 745 3148 eo
769 3098 904 3149 tantum
933 3107 1035 3152 sensu
1057 3089 1150 3151 inter

177 3201 388 3269 Christianos
406 3206 565 3266 usitatum
580 3203 704 3281 fuerit,
717 3226 789 3290 quo
805 3203 850 3267 ad
862 3204 1055 3268 haereticos
1067 3207 1149 3268 istos
1220 3199 1221 3202 ¹

177 3321 395 3392 denotandos
409 3297 645 3415 usurparetur.
666 3321 808 3400 Etenim
823 3335 963 3402 constat,
978 3320 1148 3400 vocabulo

176 3448 297 3525 γνῶσις
313 3443 399 3504 sicut
414 3443 554 3502 omnino
572 3444 830 3526 exprimeretur
841 3440 1071 3530 intelligentia
1087 3464 1149 3508 seu

178 3559 254 3621 veri
275 3557 540 3644 perspicientia,
561 3559 627 3632 ita,
649 3555 711 3620 ubi
738 3557 783 3621 d'e
804 3554 945 3634 eorum,
967 3579 1056 3644 quac
1076 3555 1149 3620 sola

177 3690 297 3740 mente
316 3687 518 3754 cernuntur,
544 3679 737 3767 cognitione
754 3674 811 3741 vel
824 3657 1051 3764 perceptione
1068 3698 1150 3768 agee

177 3795 299 3874 batur,
322 3801 456 3875 aetatis,
479 3819 547 3884 qun
562 3797 616 3862 illi
630 3801 665 3862 in
683 3797 799 3879 luceru
815 3795 1014 3882 prodirent,
1035 3796 1149 3886 philo.

178 3913 295 4002 sophia
320 3913 542 4004 frequentent
569 3902 776 4004 praesertim
805 3919 876 3984 eius
901 3938 1002 3988 usum
1023 3916 1146 3984 tuisse:
1212 3890 1231 3941 x‘

890 4051 908 4110 1
