2890 4612
1127 295 1189 386 os
1263 237 1265 253 ’

273 475 342 542 Sed
371 497 451 542 cunr
482 473 564 540 talia
598 451 882 566 praetermittas,
915 496 1039 540 eorum
1069 475 1168 548 baud

189 584 395 674 immemor,
412 617 504 684 quae
521 595 567 661 de
584 594 755 660 dualismo
772 609 807 662 et
822 599 1045 662 emanationis
1065 610 1168 684 syste-

192 731 285 782 mate
312 721 474 783 universo
500 716 780 796 observavimus,
809 739 881 782 non
904 721 1056 805 poteris,
1079 720 1169 805 quin

189 835 343 926 plurima
369 858 415 899 ex
435 849 537 922 parte
556 836 665 900 Gnosi
687 849 955 910 consentaneam
977 835 1169 902 Cebbalam

191 977 265 1020 esse
293 953 433 1022 videas„
466 953 548 1017 Non
582 952 694 1016 solum
727 955 823 1016 enim
855 951 1027 1036 theologia
1057 956 1168 1018 omnis

190 1071 488 1147 Cabbalistarum,
502 1083 537 1134 et
557 1091 648 1156 quae
666 1070 799 1157 singula
817 1070 1003 1157 proferunt
1018 1067 1063 1132 de
1075 1071 1169 1139 Luca

188 1193 337 1278 infiniti,
357 1191 521 1282 Aulique
544 1190 705 1280 dierum,
725 1190 854 1260 Primo
877 1176 971 1274 sele,
999 1190 1168 1252 essentiae
1223 1227 1226 1233 «
1321 1195 1322 1200 ’

188 1304 432 1393 profunditate
457 1301 661 1370 abscondito
681 1285 851 1386 (Occulto
868 1307 1103 1384 occultorum)
1134 1318 1169 1370 et

182 1425 348 1489 nondum
376 1436 454 1488 actu
484 1422 722 1499 manifestato,
754 1422 800 1488 de
828 1422 1061 1508 Primogenito
1094 1425 1168 1486 eius

180 1543 503 1636 (Micrcprcsopo)
519 1544 556 1603 in
575 1543 669 1604 cuius
695 1542 850 1626 speciem
870 1542 946 1627 ipse
969 1563 1007 1612 se
1027 1542 1170 1620 consor.

185 1662 359 1748 macerie,
379 1681 449 1745 per
477 1659 634 1725 membra
658 1661 757 1746 quasi
782 1658 934 1744 digestus
954 1655 1169 1742 (proprieta-

182 1787 255 1838 tem
275 1797 372 1840 auam
395 1783 596 1858 exserens),
620 1781 754 1865 quique
774 1780 931 1840 omnium
952 1795 1071 1837 rerum
1082 1777 1169 1854 for.

183 1913 264 1961 mas
287 1915 326 1956 ac
351 1900 498 1966 nomina
519 1897 716 1970 contineat,
740 1893 786 1958 de
805 1895 984 1986 Sepho-ts,
1015 1891 1081 1954 Dei
1101 1891 1170 1953 vir·

181 2013 317 2078 tutibus
356 2026 390 2076 et
423 2013 652 2077 facultatibus
691 2013 782 2106 lucis
817 2014 1075 2075 emanationem
1108 2010 1170 2070 mi·

182 2133 437 2209 nistrantibus,
458 2131 504 2195 de
521 2157 653 2224 regrum
671 2131 958 2198 Edomitt’corum
974 2129 1099 2224 lapsu,
1111 2125 1169 2190 -de

128 2229 131 2238 V
180 2253 309 2342 spiritu
335 2265 492 2318 naturae
517 2259 582 2310 etc.
633 2245 902 2317 Gnosticorum,
932 2243 1168 2330 Aegyptiaco.

180 2384 262 2426 rum
278 2367 506 2448 praesertim,
521 2365 673 2424 inventis
688 2357 938 2447 figmentisque
957 2363 1035 2422 satis
1054 2361 1167 2422 amice
1199 2381 1210 2412 t

179 2479 416 2566 respondent,
441 2475 504 2540 sed
523 2475 674 2539 eandem
696 2453 778 2538 fere
790 2486 948 2538 mentem
971 2477 1075 2538 etiam
1090 2497 1166 2538 sen·

115 2571 118 2578 Ι
181 2619 331 2684 sumque
356 2595 515 2686 produnt
540 2598 704 2680 utrique,
726 2597 763 2657 in
787 2592 966 2680 eo,'qu0d
989 2592 1035 2656 de
1058 2591 1167 2658 rebus

179 2713 309 2779 divinis
333 2715 515 2802 cognitum
542 2701 715 2788 habeant,
746 2710 985 2774 adhumanas
1011 2708 1167 2797 conside·

109 2855 117 2872 ’
177 2833 304 2898 randas
328 2831 574 2920 applicando,
588 2829 739 2894 eandem
765 2831 903 2895 animae
930 2815 1045 2894 vicem
1065 2826 1185 2915 prae-f

180 2965 316 3025 sentem
338 2949 481 3025 dolent,
504 2947 660 3013 eandem
679 2969 696 3008 a
719 2969 865 3034 corpore
887 2921 1098 3012 liberandae
1117 2945 1168 3010 fe·
1232 3013 1235 3016 ,

170 3051 523 3134 ,Ιίοἱῒατεπιΐιιῒιηωη
541 3077 703 3152 crepant,
720 3064 920 3151 eademque
934 3067 1165 3130 vaticinantur
1190 3043 1196 3060 ⁸

179 3186 225 3252 de
244 3187 454 3248 imminente
475 3201 728 3268 corporeorum
748 3157 907 3244 omnium
924 3179 1166 3266 dissolutione,

259 3319 368 3393 Cum,
390 3318 526 3402 recenti
548 3319 736 3392 memoria,
757 3317 1038 3380 internostrates
1057 3336 1167 3400 quae-¹

177 3437 240 3500 etio
271 3446 553 3522 proponeretur,
591 3433 688 3496 unde
716 3435 854 3498 venerit
878 3434 1053 3496 Mosaicae
1077 3433 1164 3523 legis
1253 3516 1255 3521 Α

178 3553 371 3617 cultoribus
405 3551 583 3640 singulare
616 3551 717 3613 istud¹
741 3549 1019 3638 philosophandi
1051 3571 1164 3638 genus

178 3673 383 3755 mysticum,
415 3691 485 3757 quo
511 3665 667 3746 Cebbala
697 3682 747 3737 est
773 3666 915 3758 effecta,
945 3668 1164 3732 eruditorum

108 3779 111 3787 ‘
178 3789 415 3874 disputatione
442 3789 631 3880 probabile
662 3803 711 3855 est
743 3789 942 3866 redditum,
970 3791 1064 3852 inter
1094 3787 1163 3851 fre·

130 3925 133 3931 ’
176 3922 344 3994 quentem
361 3908 608 3980 Hebraeorum
633 3910 798 4012 exsulum
825 3931 903 3974 cum
921 3889 1162 3998 Chalda‘eisxet
