2890 4612
931 331 1174 405 '‚.109

199 501 269 568 iilis
295 502 385 568 haec
410 505 603 582 exstiterit,
633 508 825 572 accuratius
852 505 1052 582 describere
1079 483 1173 573 haud

200 641 303 707 posse
325 621 411 687 milti
432 623 571 698 videar,
602 627 762 710 quocirca
784 601 1077 708 in'cognoacanda
1100 629 1175 688 uni-
1233 685 1235 695 ,

201 759 321 814 versa,
352 759 443 824 quae
464 738 573 802 fuerit
602 737 827 824 disciplinam
856 737 1040 806 excolendi
1068 724 1175 828 atque
1221 755 1227 764 '

200 855 371 937 tradendi
388 860 461 932 via,
489 858 782 943 acquiescendum
802 871 939 944 putem.

284 973 349 1037 Pro
372 993 431 1048 ea,
452 993 520 1060 qua
542 973 728 1060 hucusque
752 976 961 1048 caicamus,
990 977 1175 1058 partitione
1208 949 1212 969 ¹

200 1102 307 1176 atque
328 1104 615 1180 argumentorum
638 1091 863 1178 dispositione
886 1089 930 1154 ab
950 1099 1102 1156 externis
1123 1093 1177 1154 rei

139 1245 147 1250 -
200 1209 465 1299 investigandae
493 1210 648 1288 indiciis,
682 1233 773 1298 quae
805 1223 965 1278 veterum
993 1203 1076 1290 locis
1104 1204 1177 1272 effi-
1280 1264 1284 1270 ,

201 1333 359 1408 ciuntur,
395 1331 619 1394 recensendis
639 1345 691 1395 'et
729 1330 970 1394 examinandis
1003 1326 1178 1392 ordiunda

199 1449 251 1512 e'si
273 1447 477 1535 disputatio}
508 1447 641 1512 deinde
667 1447 712 1511 ad
741 1447 884 1510 alteram
912 1445 1016 1510 buius
1037 1455 1178 1532 pariens

200 1566 526 1656 progrediendum,
547 1589 616 1653 qua
640 1580 861 1652 exponentur
884 1577 918 1627 et
938 1567 1081 1630 interae
1099 1585 1177 1626 con·
1265 1604 1273 1630 l

200 1684 360 1748 ferantur
369 1689 476 1774 ipsae,
488 1687 535 1750 de
547 1687 677 1772 quibus
689 1689 813 1779 agitur,
826 1689 1027 1750 sententiae.
1049 1685 1105 1750 Ex
1117 1706 1179 1757 ve-

112 1851 132 1862 .,
202 1815 317 1868 terum
327 1802 479 1876 Orientis
490 1805 711 1898 populorum
728 1803 951 1893 opinionibus
968 1792 1179 1868 cum’earuaa

201 1925 426 2008 praesertim,
445 1936 481 1984 ut
493 1922 709 1998 videbimus,
730 1927 771 1986 sit
784 1924 870 1984 ratio
884 1919 1067 2001 habenda,
1088 1891 1179 2005 quae

202 2035 299 2122 apud
320 2037 438 2102 Persas
461 2052 625 2123 receptae
647 2037 808 2114 fuerunt,
835 2037 961 2100 horum
985 2039 1179 2102 doctrinam

202 2172 353 2227 sacram,
377 2165 642 2240 sectarumque,
666 2175 756 2240 quae
774 2153 872 2240 apud
896 2177 953 2218 eos
975 2127 1178 2244 viguerunt,

203 2271 380 2332 variarum
392 2269 524 2356 placita
535 2271 679 2334 uberius
690 2271 998 2356 pertractabimus3
1014 2271 1080 2334 alia
1092 2274 1180 2336 eiua·
1256 2292 1257 2296 ’

202 2385 298 2448 modi
308 2426 320 2464 ‚
335 2385 433 2448 haud
448 2385 555 2470 plane
572 2385 901 2470 praetermittenda,
919 2384 1069 2449 diversis
1080 2386 1177 2466 locis,

158 2489 160 2493 ’
201 2503 382 2566 occasione
403 2500 503 2578 data,
526 2501 668 2564 strictim
693 2499 1042 2567 commemorabimus
1061 2497 1103 2582 ²).
1157 2553 1162 2564 .

283 2619 328 2682 In
355 2617 528 2682 librorum
562 2617 786 2706 fragmentis,
821 2638 912 2704 quae
942 2630 1098 2700 exstant,
1132 2615 1177 2682 ab

103 2781 107 2790 .
165 2731 170 2746 ⁸
201 2737 285 2822 ipsis
315 2735 498 2800 haereticis
521 2738 822 2822 conscriptorum,
854 2733 1027 2820 nonnulla
1055 2735 1177 2823 legun·-
1225 2801 1227 2804 ,
1285 2745 1288 2763 “

201 2867 279 2932 tur,
309 2855 379 2920 alia
400 2857 445 2922 ab
467 2856 672 2924 adversariis
701 2881 821 2921 eorum
845 2856 1049 2920 eruditionis
1069 2855 1183 2920 laude·

202 2974 512 3060 praestantioribus
557 2989 591 3038 et
629 2979 800 3062 inprimis.
832 2971 904 3042 tide
943 2975 1058 3064 dignis
1098 2986 1177 3039 sunt

202 3086 329 3167 relata,
372 3111 417 3153 ex
455 3091 603 3176 quibus,
642 3107 675 3156 et
713 3097 912 3156 universam
944 3089 1178 3156 barbarorum

204 3205 484 3307 metaphysican‚
515 3211 543 3270 si
563 3211 610 3270 ita
636 3206 735 3296 loqui
760 3208 896 3296 placet,
923 3221 1029 3296 atque
1056 3230 1176 3273 rerum

197 3499 200 3506 ,
236 3449 267 3514 2)
303 3445 384 3500 Viam
403 3445 479 3500 hanc
496 3443 684 3500 Gnosticiami
704 3427 856 3519 inierprcti.
872 3449 1086 3518 ingrediendam
1107 3465 1176 3515 nru-
1261 3473 1266 3478 ·

110 3589 115 3598 ,
204 3558 209 3578 ‘
302 3547 438 3600 niverunt
448 3546 571 3604 doctiss.
591 3545 850 3640 Zeusis-Acestae
869 3549 1073 3628 sospitatores,
1096 3547 1182 3608 Fau·-

157 3723 158 3727 ,
261 3650 266 3658 ’
301 3643 438 3714 chorius,
469 3661 499 3698 v.
528 3644 611 3733 Hist.
637 3643 673 3697 de
700 3642 808 3701 lacad.
832 3663 900 3718 roy.
928 3647 980 3702 des
1006 3647 1099 3704 inser.
1123 3651 1177 3702 etc.

305 3742 391 3798 Tam.
406 3739 533 3810 XXIX,
550 3757 640 3798 mern.
656 3741 692 3796 de
712 3743 770 3800 att.
785 3759 817 3830 p,
832 3747 961 3818 222sqq.
979 3754 1009 3800 et
1024 3741 1079 3800 Ήι.
1105 3743 1177 3804 Chr..

296 3842 509 3916 ‘Tycbseniun
534 3861 563 3900 a.
591 3840 801 3902 Commentatt.
827 3843 929 3902 societ.
947 3861 1013 3920 req.
1039 3844 1178 3920 Gallim·
1250 3870 1273 3875 -

303 3941 376 4019 Vp.
392 3939 475 4014 nn,
488 3959 521 4016 ρ.
537 3948 581 4036 u.
653 3933 655 3943 '
