2890 4612
291 347 352 418 116

319 529 524 650 ιΒερΙοιὶια
537 542 642 615 atque
657 528 804 592 fortius
794 551 865 592 rmo
881 550 1042 618 expressa
1056 541 1090 592 ct
1104 527 1273 602 universe

293 655 470 736 proposita
513 661 562 710 est
607 651 727 732 iniqua
766 651 899 718 Isidori
939 648 985 710 de
1026 647 1151 710 iisdem
1196 645 1270 712 illis

293 771 462 832 sententia
492 765 560 829 alio
583 769 737 852 quodam
760 765 863 830 effato
893 771 985 844 eins,
1019 766 1115 853 quod
1139 765 1269 830 deindo

293 889 466 970 sequitur:
505 885 605 960 „Nec
630 887 806 948 existimet
822 884 971 970 uliquis,
1001 882 1098 969 quod
1120 883 1268 946 dicimus

292 1023 389 1081 „esse
404 1005 590 1090 proprium
607 1001 800 1067 electorum
810 1043 821 1077 ,
841 1001 916 1064 hoc¹
929 1001 1033 1064 fuisse
1049 999 1269 1086 praedictum

291 1118 359 1198 ‚ab
395 1117 570 1200 aliquibus
597 1116 825 1202 philosophis.
882 1118 964 1180 Non
996 1128 1046 1179 est
1080 1119 1172 1180 enirn
1200 1115 1267 1180 hoc

289 1253 434 1310 ‚eurum
456 1235 661 1310 inventurn3
689 1232 752 1294 sed
774 1255 853 1293 cum
876 1253 893 1293 a
916 1231 1096 1319 prophetis
1120 1235 1265 1295 mutuati

291 1362 446 1429 „essent,
475 1350 516 1410 iis
544 1361 783 1436 apposuerunt
807 1347 921 1422 illud,
953 1369 1044 1433 quae
1072 1346 1268 1411 secuudum

201 1475 214 1540 ,’
291 1469 471 1553 ¹,ipsorum
493 1472 674 1556 ingenium
702 1473 878 1556 sapienter
900 1473 966 1532 sint
992 1472 1181 1558 excogitata
1206 1467 1252 1555 ⁹).

288 1641 517 1660 m

389 1760 503 1814 valeant
520 1767 567 1812 aut
585 1769 782 1830 moveantur,
808 1777 865 1833 qua
883 1771 1014 1831 vegetata
1031 1764 1161 1830 vigeant,
1185 1761 1267 1818 ctesss

388 1867 454 1909 cant
480 1859 660 1928 floreantque
691 1863 785 1928 (quae
816 1861 896 1914 notio
922 1861 983 1914 sive
1014 1861 1109 1928 imago
1134 1859 1265 1912 iuvenilis

382 1959 548 2025 priscorum
579 1956 732 2010 hominum
761 1957 864 2024 ingenii
899 1961 1024 2010 nativam
1058 1956 1270 2026 simplicitatum

390 2057 505 2118 refert).
541 2055 668 2110 Proinde
694 2057 825 2123 gignendi
854 2057 995 2120 quaedam
1020 2055 1139 2109 facultas
1157 2073 1268 2123 cogno·

304 2191 307 2198 ,
388 2164 488 2215 mento
510 2154 645 2224 peculiari
664 2164 691 2206 et
708 2155 827 2224 proprio
851 2155 952 2207 iisdem
972 2153 1104 2208 tribuitur
1122 2153 1267 2210 Izesckn.

389 2253 432 2308 H.
453 2263 482 2322 1,
509 2253 581 2306 etin
600 2253 673 2306 libro
695 2254 730 2305 de
754 2254 853 2306 mundi
878 2253 1064 2306 fabricatione
1083 2255 1176 2308 serius
1194 2269 1268 2308 con·

390 2350 498 2420 scripto
517 2347 690 2418 corporibus
708 2347 842 2402 humanis
859 2349 946 2401 vitam
964 2363 1016 2404 eus
1034 2349 1174 2419 praebere
1192 2349 1266 2404 ttici-

389 2460 456 2515 tur,
473 2465 502 2502 v.
521 2435 737 2512 Bundehesclr,
757 2443 835 2499 Sect.
853 2450 880 2499 2.
965 2453 969 2462 '

325 2569 356 2634 ί)
391 2565 439 2620 Ne
464 2553 628 2632 isidorum,
655 2566 680 2622 si
703 2582 773 2620 vera
801 2577 845 2620 est
872 2569 1039 2620 coniectura
1060 2583 1144 2633 mea,
1169 2565 1266 2622 scium

392 2665 480 2717 fuisse
513 2664 619 2730 ducas,
653 2663 701 2732 qui
731 2664 797 2716 talia
823 2666 898 2718 inter
924 2681 954 2718 se
972 2667 1143 2732 coniuret,
1171 2664 1268 2736 ipsum

393 2751 491 2818 autiias
516 2763 633 2816 doctiss
661 2759 840 2820 Zend-Av.
872 2763 1073 2835 interpretem:
1103 2762 1178 2830 „Sic
1201 2762 1267 2827 (die

389 2863 556 2936 „Gentem
575 2865 636 2918 sind
654 2865 705 2916 der
717 2865 798 2917 Seele
812 2865 929 2918 Schutz.
953 2889 978 2902 -
997 2863 1102 2918 Dalter
1117 2865 1192 2918 mass
1211 2864 1265 2916 tier

390 2961 510 3032 „Parae
540 2967 584 3015 ttir
615 2962 713 3014 seintn
740 2961 847 3014 Feruer
875 2961 1034 3016 besonders
1067 2961 1174 3029 beten,
1205 2961 1267 3014 dass

390 3059 553 3130 „Ortnuzd
570 3059 619 3112 iliu
638 3059 792 3111 bewahrcn
810 3060 892 3112 wolie
903 3079 913 3128 3
937 3059 1014 3112 donn
1034 3059 1112 3113 ohne
1132 3060 1181 3114 ihn
1199 3058 1268 3114 wird

390 3156 504 3228 „Seele
522 3155 579 3210 und
598 3155 670 3210 Leib
690 3159 790 3212 unrein
801 3196 811 3223 ,
832 3155 889 3208 irre
910 3158 1034 3224 geleitet.
1054 3186 1084 3197 -
1113 3153 1199 3212 Siche
1215 3159 1268 3224 tia,

389 3259 557 3328 „Socrates
576 3256 789 3324 Schutzgeist.“
824 3274 853 3312 v.
869 3257 1020 3318 Kleukeri
1040 3258 1085 3314 Z.
1104 3262 1146 3314 A.
1168 3257 1224 3312 Bd.
1237 3257 1267 3324 I,

385 3373 420 3427 ρ.
437 3353 478 3412 14.
515 3355 644 3409 Omnino
664 3370 736 3408 vero
753 3353 911 3410 Persarum
931 3357 1092 3412 doctrinam
1110 3357 1183 3410 inter
1200 3357 1267 3410 fon-

390 3466 434 3512 tes
454 3457 625 3528 praecipuos
647 3463 674 3507 et
696 3454 868 3526 primarios,
891 3473 907 3507 e
932 3455 1040 3526 quibus
1062 3456 1268 3528 profluxissent

391 3567 524 3614 veterum
549 3558 724 3631 populorum
743 3557 778 3611 de
800 3555 991 3612 daemonibus
1014 3555 1184 3628 opiniones,
1202 3570 1265 3610 esse

288 3631 292 3638 Ι
389 3656 592 3722 referendam,
618 3672 670 3724 pro
695 3670 748 3720 ea,
775 3669 833 3724 qua
860 3656 947 3718 utitur
972 3654 999 3706 in
1022 3652 1102 3706 hisce
1126 3649 1267 3706 divinandi

391 3753 507 3820 indole,
525 3751 593 3808 vidit
606 3753 651 3805 ΙΙΙ.
665 3751 852 3818 Creuzerus,
870 3751 909 3805 ci.
920 3745 1077 3822 Spnebolr'k
1089 3764 1119 3804 u.
1128 3747 1269 3819 Mytkol.

391 3856 449 3912 Bd.
464 3855 535 3924 ΙΙΙ,
548 3871 582 3928 p.
599 3855 636 3908 66
648 3871 716 3926 sqq.

285 3937 295 4011 *-
322 3975 358 4059 9)
390 3977 457 4036 τῶν
479 3970 515 4054 ii
540 3976 718 4057 ηροφητῶν
742 3964 1043 4055 σφετερισάμινοι,
1067 3965 1272 4054 maribam
