2886 4608
241 609 243 616 y
292 523 339 584 eis
361 519 581 598 adnotemus,
607 525 644 585 in
663 545 703 587 eo
719 537 792 588 eret
814 527 941 612 posits,
969 525 1064 612 quod
1079 527 1178 598 ,salva
1196 527 1259 596 Det
1341 581 1345 602 .

290 617 518 728 perfectionis
542 641 643 718 idea,
665 655 870 732 servataque
891 646 1063 731 dignitatis
1086 646 1262 713 humanae

290 769 452 835 neutrae,
480 761 543 822 etsi
568 757 662 825 hand
693 759 787 825 bene
809 759 1028 840 intellectae,
1050 765 1261 830 conscicntia

286 908 518 936 -ιιι-ψρι--ι-

388 999 591 1064 ςζοιηιηοάατεῑ
601 1037 610 1068 ,
629 1017 645 1054 c
660 1001 779 1056 initeris
796 969 958 1068 subtilior.
978 1000 1114 1058 aetheree
1135 1021 1263 1075 compe·

387 1098 443 1154 sito
465 1110 592 1172 corpure
618 1115 687 1152 eum
711 1100 846 1154 vestitum
870 1099 1016 1168 adfuisse,
1041 1100 1087 1166 elii
1110 1100 1262 1158 itt-iesum

384 1197 535 1254 hominem
552 1199 626 1253 inter
650 1197 791 1270 baptisma
815 1198 876 1252 vim
895 1200 1040 1268 quandem
1056 1199 1182 1253 divinam
1205 1199 1263 1254 fin·

386 1295 492 1365 gebant
513 1294 718 1364 descendisse,
743 1312 818 1366 quae
838 1295 932 1352 iuncte
959 1305 1027 1354 cunr
1052 1314 1088 1352 eo
1108 1296 1264 1352 mansisset

386 1394 480 1449 donec
500 1395 596 1448 crucis
616 1393 757 1466 supplicio
777 1395 901 1449 affectus*
915 1395 961 1450 sit.
996 1395 1116 1464 Dogme
1137 1395 1173 1449 de
1192 1411 1263 1449 cor-2

301 1539 309 1558 ,
385 1505 459 1564 porc
477 1501 683 1562 postmortem
701 1494 730 1548 in
744 1494 832 1548 vitam
851 1493 1043 1561 restituendo,
1062 1492 1141 1564 qnod
1158 1494 1264 1548 acriter

307 1665 311 1670 .
386 1590 543 1644 defundere
564 1590 695 1645 solerent
714 1600 829 1644 veteres
851 1591 991 1644 ecciesiae
1012 1591 1167 1657 doctores,
1191 1589 1261 1644 dnm

386 1688 422 1740 dc
443 1687 581 1756 religione
598 1685 796 1758 disceptabant
817 1703 885 1742 cum
902 1687 1072 1756 gentilibus,
1090 1687 1126 1742 ab
1144 1688 1262 1744 illorum

386 1789 501 1856 ingenio
512 1827 521 1855 ,
538 1787 616 1842 haud
636 1802 775 1842 secusne
795 1785 901 1854 dogunt
925 1787 960 1840 de
976 1787 1094 1843 Christo
1114 1803 1184 1840 vere
1203 1786 1261 1840 ho·

385 1891 481 1958 turine,
506 1883 694 1943 abhorrebat.
730 1889 777 1944 Dc
805 1889 929 1944 ecelesia
949 1889 973 1944 si
997 1889 1065 1960 quid
1084 1889 1113 1944 in
1134 1888 1262 1943 medium

293 2047 296 2054 .
387 1981 589 2054 proterebant,
607 1999 766 2040 cneorum
784 1987 919 2055 opinione
936 1987 1013 2040 hand
1030 1986 1059 2040 in
1072 1995 1193 2040 externe
1209 2001 1261 2040 so-

331 2151 335 2158 .
386 2082 495 2134 cictntis
512 2081 615 2135 unitate
632 2084 896 2150 etennensium,
913 2083 1080 2151 dogmatum
1098 2097 1262 2151 consensu¹

387 2179 493 2232 rituum
524 2193 738 2250 sacrorumque
770 2181 990 2236 tradendorum·
1014 2181 1185 2251 aequalitate
1221 2157 1264 2243 tei

386 2292 500 2331 suumne
528 2278 637 2332 versari
664 2290 803 2350 poteret,
840 2296 916 2350 quse
948 2279 1081 2333 maximo
1109 2287 1262 2334 momento

387 2375 572 2432 aestimarent
595 2376 771 2446 Christiani,
796 2394 837 2434 ex
864 2379 989 2436 adverso
1001 2425 1003 2436 ,
1017 2375 1184 2434 haeresium
1195 2371 1264 2452 iqui

385 2487 504 2560 coetum
531 2477 714 2534 Catholicum
739 2479 964 2538 constituebant.
1010 2478 1208 2547 invisibilem,
1233 2487 1264 2532 ut
1319 2521 1321 2556 3

372 2577 421 2632 -itn
446 2577 571 2647 loquar,
593 2577 646 2670 ¹isti
670 2577 788 2636 efficere
817 2579 958 2632 volebant
980 2579 1154 2644 ecclesiam,
1187 2593 1263 2648 quse

385 2676 511 2748 politiori
525 2677 750 2747 perfectiorique
770 2675 934 2732 secundum
952 2690 1020 2728 suas
1044 2670 1263 2727 rationes'redq

386 2773 445 2828 dito
463 2772 684 2828 Christianismo
705 2774 824 2830 dicanda
848 2782 936 2825 esset.
972 2769 1190 2838 Valentiniani
1212 2770 1263 2842 qui

385 2872 495 2928 enimes
511 2869 675 2928 discrimine
686 2855 813 2930 'staturati
829 2870 969 2924 discretas
988 2869 1135 2937 fecerent,
1152 2869 1262 2938 origine

385 2979 416 3022 et
436 2967 539 3022 virtute
561 2966 814 3044 praesmbiliores,
837 2981 961 3036 quarum
977 2965 1006 3022 in
1025 2966 1135 3028 mundo
1155 2967 1262 3022 intelli-

384 3064 463 3134 gibili
479 3073 557 3145 esset
572 3065 742 3138 exemplar,
757 3063 875 3121 nomine
892 3065 942 3118 ilio
960 3065 1261 3146 comprehendebant.

385 3165 422 3223 ln
439 3166 530 3222 sacris
549 3166 634 3222 etism
650 3165 809 3235 ritibusque
825 3163 994 3234 symbolicis
1005 3165 1184 3226 instituendis
1201 3167 1262 3220 sin·

385 3265 494 3336 guleria
511 3265 654 3336 quaedem
669 3263 835 3334 hebebant,
852 3280 949 3335 neque
971 3279 1039 3329 cum
1055 3244 1160 3318 ceteris
1176 3263 1263 3328 Chri„

385 3367 485 3422 stisnis
508 3365 686 3428 communie.
720 3343 869 3436 Baptisma
894 3363 1078 3436 quorundum
1104 3381 1264 3437 propemo-

385 3463 456 3516 dum
478 3462 706 3534 cotnperrndum
730 3462 905 3522 ceremoniis
926 3463 1002 3533 apud
1023 3463 1144 3531 gentiles
1164 3461 1265 3519 solen-

384 3559 471 3626 nibus
496 3561 531 3620 ttd
550 3560 734 3629 iucundos,
760 3563 809 3633 qui
830 3561 972 3632 mysteriis
997 3561 1190 3627 initiarentur3
1213 3577 1264 3618 re-

385 3661 531 3716 conditam
547 3659 673 3731 aliquem
691 3661 750 3714 vim
769 3661 804 3714 ad
825 3661 970 3724 beandum
984 3663 1112 3714 animum
1125 3661 1151 3720 ei
1167 3660 1263 3716 inesse

385 3751 534 3828 uolebant.
575 3761 632 3818 ntit
657 3776 732 3818 veru
753 3761 888 3816 nonnulli
910 3774 1104 3831 quaeeunque
1128 3758 1262 3815 sensibus

384 3860 589 3930 interpretibus
605 3869 741 3932 percepta
757 3875 879 3920 movere
898 3868 1021 3932 possent
1036 3867 1165 3913 mentem
1182 3868 1211 3914 et
1226 3857 1263 3920 ati

386 3963 520 4035 pictatem
538 3963 683 4038 excitare,
701 3979 717 4018 n
735 3959 796 4024 Dei
812 3960 890 4020 cuttu
906 3960 998 4015 aliena
1012 3957 1185 4022 iudicabunt.

633 4085 638 4112 i
