2890 4612
538 1112 1011 1210 CAPUTVI.

629 1374 928 1421 confusurus
1021 1373 1023 1382 s

352 1507 759 1590 DOCTRINA
799 1517 1271 1598 GNOSTICA·

734 1719 827 1762 CUM

274 1825 503 1919 'versurus
525 1854 828 1923 ouruursuruu
846 1860 1143 1954 quorsumn,
1163 1867 1266 1930 Pau-

427 1998 574 2061 ssnun
596 2002 808 2082 surmus,
830 2002 1128 2066 noenrrurus.

229 2159 319 2258 s..
669 2220 896 2234 ........

291 2363 469 2488 Graecae
506 2419 750 2509 philosophiae
795 2423 903 2484 serior
942 2433 976 2485 et
1012 2419 1139 2484 ultima
1174 2401 1289 2485 aetas¹
1395 2491 1396 2499 χ

288 2535 454 2600 nonnulla
483 2540 611 2620 ingenii
643 2537 853 2600 documenta
884 2550 918 2600 et
947 2539 1139 2624 specimina
1170 2539 1267 2602 exhi·

203 2699 211 2706 -
288 2653 369 2733 bet,
399 2679 490 2742 quae
512 2661 590 2720 satis
615 2656 706 2720 clare
737 2656 945 2733 ostendunt,
977 2657 1081 2721 huius
1102 2661 1267 2722 scientiae

290 2774 438 2840 cultores
459 2787 543 2837 tunc
569 2773 674 2837 laude
695 2778 863 2858 insignes,
891 2789 929 2838 ut
951 2779 1013 2861 qui
1035 2775 1079 2840 ad
1101 2778 1267 2862 antiquis·
1332 2825 1337 2832 .

267 2897 391 2956 ,simos
423 2883 581 2981 quosque
610 2892 825 2982 pop'ulorum
852 2897 938 2958 ritus
961 2895 1095 2958 curiose
1116 2896 1266 2979 respice·

288 3024 388 3089 rent,
410 3013 703 3100 sacerdotumque
725 3015 896 3099 mysteriis
919 3015 1087 3076 memoria
1110 3010 1273 3080 celeber--

288 3132 401 3205 rimis,
434 3132 509 3200 etsix
524 3132 562 3193 in
590 3133 715 3196 vicinis
743 3153 865 3193 eorum
893 3133 965 3194 iam
986 3133 1116 3217 passim
1138 3151 1270 3218 prope·

288 3245 433 3311 modum
457 3247 651 3325 derelictis,
677 3250 805 3311 initiari
826 3251 962 3314 intente
985 3260 1179 3334 cuperent,
1206 3267 1266 3311 ve·

286 3379 403 3428 terum
426 3365 661 3430 Orientalium
683 3364 872 3454 religiones
900 3378 936 3431 et
965 3386 1141 3428 sacrorum
1164 3361 1268 3426 disci·

286 3598 346 3664 vel
382 3598 534 3664 exoletae
562 3598 629 3664 sibi
661 3599 803 3666 duxisse
815 3618 827 3678 ς
868 3599 931 3666 sed
961 3597 1266 3688 quemadmodum

286 3713 449 3798 singulari
472 3715 625 3800 quodam
654 3739 734 3780 cum
758 3717 936 3781 studio-
962 3740 1033 3804 quo
1056 3739 1135 3780 cum
1158 3737 1270 3803 eppa.

285 3479 401 3568 plinus
427 3503 545 3567 neque
565 3477 675 3566 plane
701 3484 897 3570 ignorasse,
924 3503 1042 3568 neque
1064 3478 1266 3570 neglexisse

274 3846 363 3896 ratu
392 3846 450 3898 aut
478 3855 656 3912 successu,
685 3834 881 3902 diiudicare
908 3857 978 3900 non
1000 3857 1120 3902 meum
1150 3849 1200 3902 est
1222 3870 1265 3887 -·

283 3955 321 4015 in
343 3972 399 4018 eas
421 3955 658 4042 inquirerent,
690 3956 736 4016 ita
751 3956 881 4031 esiam,
914 3957 1031 4042 siqua
1061 3977 1106 4020 ex
1132 3954 1261 4020 iisdem
