2890 4612
1136 323 1175 396 93

160 527 164 538 ¹
195 525 262 570 nus
288 524 463 593 congruae
493 501 648 590 quodam
668 515 758 566 nutu
780 502 972 584 deductae,
994 524 1011 569 a
1029 507 1175 596 pristino

198 599 259 686 suo
287 634 376 684 statu
403 618 691 698 declinaverunt,
719 623 757 682 in
780 601 940 686 diversos,
960 623 1101 688 ordines
1124 625 1177 688 di.

197 743 310 816 visae,
332 763 398 828 per
417 744 529 804 varios
553 741 703 830 mundos
722 739 999 820 distribuuntur,
1022 765 1177 830 quorum

197 863 441 946 unusquisqne
465 870 560 920 tanto
582 844 823 945 imperfectior
846 873 896 922 est
919 861 1174 944 praecedente,

198 989 331 1061 quanto
361 997 379 1037 a
410 999 546 1041 summo
569 976 667 1038 fonte
689 969 874 1051 remotior,
902 987 1104 1062 quantoque
1125 991 1176 1041 te·

196 1099 357 1158 nniorern
374 1097 446 1156 vim
464 1097 508 1160 ab
530 1097 606 1180 ipso
624 1098 763 1180 aooipit.
806 1095 998 1158 Materialis
1024 1097 1175 1160 mundus

108 1272 111 1284 ,
196 1210 360 1278 infimum
386 1213 503 1278 locum
533 1216 690 1295 obtinet,
717 1219 903 1308 animaque
926 1237 1002 1278 curn
1030 1237 1203 1301 corpore.

197 1335 379 1430 coniuncta
399 1335 435 1396 in
452 1331 577 1396 ultimo
592 1337 683 1396 vitae
698 1333 810 1423 gradu
829 1346 879 1397 est
894 1332 1072 1396 collocata.
1103 1333 1177 1396 Ma-

196 1453 284 1527 teria
309 1463 465 1513 extrema
491 1464 646 1536 estpars
669 1427 841 1527 universi{
865 1450 1037 1514 malorum
1059 1449 1177 1526 sedes,

196 1591 290 1658 quae
316 1573 468 1645 animas,
497 1583 687 1632 ‚suo-motu
717 1567 838 1632 altiora
869 1583 1048 1657 petentes,
1077 1567 1176 1634 velut
1244 1601 1250 1610 ¹

119 1765 121 1776 Ι
197 1690 286 1755 dura
307 1691 460 1778 quadarn
484 1695 611 1754 cortice
631 1691 824 1766 involutas,
849 1695 1002 1778 captivas
1024 1691 1177 1767 detinet,

161 1791 162 1798 ἵ
197 1834 414 1900 quamquam
448 1815 485 1875 in
516 1812 580 1874 has
608 1817 712 1874 etiam.
738 1813 790 1875 est'
820 1813 1005 1896 conspicua
1030 1813 1082 1874 vis
1113 1809 1176 1871 iile

197 1934 310 1990 omnia
337 1941 525 2014 penetrans
550 1941 655 2014 atque
683 1933 794 2004 ciens,
827 1941 999 2014 qnatenus
1023 1911 1177 1990 consistit

197 2066 236 2106 ea
256 2057 290 2107 et
305 2047 414 2130 viget,
434 2067 523 2130 quae
544 2069 583 2108 oo
602 2049 678 2130 ipso
696 2057 921 2110 conservatur
938 2048 1176 2129 nutriturque,

197 2163 294 2249 quod
310 2161 671 2226 animas¹inoludit.-··
694 2163 760 2224 Res
777 2165 848 2224 imo
865 2183 1055 2246 corporeae
1072 2163 1175 2224 etiam

195 2277 460 2362 quodaminodo
499 2290 577 2340 sunt
615 2281 825 2354 animantes,
857 2277 915 2342 vel
947 2283 1062 2363 potius
1095 2292 1177 2343 sunt
1264 2285 1265 2288 ’

197 2393 352 2471 aniinae3
384 2413 465 2454 nain
493 2395 672 2456 materiam
704 2395 730 2452 si
755 2414 879 2478 perse
903 2406 1054 2478 spectes,
1084 2369 1204 2456 nihil'

196 2515 263 2574 nisi
283 2514 387 2572 inane
407 2509 545 2595 aliquid
567 2521 601 2572 et
623 2523 799 2572 mortuum
820 2533 857 2574 ea
876 2513 1017 2576 videtur
1035 2537 1107 2576 esse
1125 2518 1174 2600 ὓς

196 2637 308 2716 quare
332 2627 511 2713 dilapsura
542 2640 609 2703 est,
637 2627 780 2714 quando
815 2631 951 2694 animae
979 2650 997 2694 a
1026 2630 1175 2696 vinculis

198 2747 272 2807 eius
295 2742 463 2808 liberatae
481 2743 625 2834 fuerint.
773 2737 774 2744 '

177 2925 179 2928 Ι
199 2930 429 2945 m
911 2941 915 2953 ¹
1109 2936 1116 2962 t

162 3069 167 3076 ·
243 3045 274 3111 8)
302 3045 493 3102 Recentiores
511 3055 589 3100 certe
606 3045 753 3102 Gabbalae
778 3047 948 3118 interpretes
964 3044 1088 3114 sudaei,
1107 3059 1175 3102 oum

296 3162 423 3200 avaouo
440 3147 585 3215 quodam,
604 3135 668 3202 lnce
689 3147 795 3202 infinita
810 3147 941 3201 alicunde
960 3161 991 3200 se
1010 3145 1176 3199 retrahente

297 3261 332 3298 ao
346 3257 531 3313 removente,
546 3249 636 3314 sacto,
653 3248 699 3300 cui
717 3249 819 3300 deiude
844 3247 905 3316 ipsa
921 3244 1017 3298 radios
1033 3259 1104 3298 suos
1117 3245 1175 3298 im-

298 3343 429 3408 miserit,
457 3354 520 3397 orta
547 3359 612 3396 esse
639 3344 776 3419 ipforioro
804 3361 959 3414 quaeque,
985 3343 1089 3397 finibus
1114 3345 1175 3400 suia

298 3439 535 3508 circumscripta,
553 3440 679 3508 fingant,
698 3443 846 3497 inateriam
866 3459 925 3495 non
947 3443 999 3496 nist
1018 3458 1104 3496 verae
1128 3459 1177 3496 es-

298 3537 406 3588 sentiae
421 3535 534 3588 det'ectu
552 3537 741 3605 provenisse,
760 3538 788 3590 vi
805 3539 899 3592 divina
914 3553 984 3592 vero
1002 3539 1026 3592 ei
1040 3539 1174 3591 affluente

299 3637 362 3692 sola
394 3637 534 3696 contineri
562 3648 590 3690 et
615 3638 796 3706 consistere,
822 3655 877 3692 suo
904 3654 988 3692 more
1018 3638 1177 3692 declarant.

295 3741 340 3812 ¹R.
356 3736 495 3794 diachnk
510 3738 631 3808 Lorta,
647 3745 740 3792 tract.
757 3747 784 3806 1,
803 3738 822 3792 l.
838 3737 1022 3806 Drusclzim,
1039 3755 1069 3794 v.
1089 3737 1176 3794 Cnbb.
1228 3748 1230 3753 '

295 3839 400 3894 dennd.
429 3841 461 3895 T.
479 3839 512 3910 I,
538 3842 628 3896 Part.
647 3841 700 3909 II,
725 3857 756 3912 p.
769 3839 820 3894 41.-
846 3839 946 3910 „Non
965 3867 994 3880 -
1014 3821 1182 3912 potuissent
1248 3901 1251 3908 y

294 3941 452 3998 subsistere
472 3959 541 4000 vasa
565 3947 635 4012 (res
657 3959 841 4017 corporeae,
863 3945 936 4000 lucis
954 3943 1154 4016 receptacula)
1164 3979 1175 4008 ,
