2890 4612
1127 334 1166 400 s9

152 487 154 494 Ι
194 533 292 585 orant
313 517 482 606 profecti,
505 516 589 582 dnm
613 516 659 580 do
683 519 758 604 ipso
784 517 875 580 malo
904 516 1168 607 disceptabant,

195 654 249 714 et,
274 639 339 701 hoc
362 659 427 722 per
452 658 487 699 se
511 635 768 699 consideratum
795 635 881 721 quid
904 640 964 712 sit,
987 635 1168 702 declarare

126 803 130 823 t
194 753 381 827 volebant,
409 751 453 814 ad
468 755 697 840 graviorem,
727 773 833 836 quarn
858 756 1000 840 proprie
1025 759 1065 818 iis
1091 777 1170 818 con-

196 885 401 938 sentaneum
417 882 505 943 erat,
529 872 602 932 eius
623 870 741 932 ideam
761 872 876 932 animo
893 874 1170 957 concipiendam,

195 993 480 1076 viridioremque
506 992 581 1053 eius
606 977 796 1082 irnagineni
817 989 1097 1056 adumbrondam
1118 999 1170 1060 in.

195 1111 434 1182 duceremur,
456 1106 633 1193 quofacto
653 1120 768 1170 autem
790 1128 855 1193 pro
877 1105 1010 1172 ratione
1031 1108 1171 1196 dogma.

196 1240 272 1291 tum
295 1247 438 1290 suorum
466 1228 534 1296 iam
563 1243 678 1310 prope
700 1222 746 1286 ad
771 1222 982 1287 dualismum
1009 1244 1044 1287 se
1069 1222 1172 1288 incli-

196 1359 334 1410 narent.
783 1349 793 1376 i
873 1363 876 1368 “

278 1467 449 1532 Videmus
471 1487 576 1556 ergo,
597 1471 804 1539 sententias,
827 1487 918 1554 quae
946 1487 1025 1528 cum
1049 1468 1114 1542 ita,
1137 1473 1173 1528 ut

197 1597 509 1672 consequensetat3
531 1607 650 1671 neque
668 1589 756 1650 intra
776 1581 862 1651 fines
882 1598 1172 1675 argumentorum

196 1675 368 1790 quosdam
394 1705 630 1766 inconstanter
653 1683 779 1790 positas
805 1715 987 1764 contentae
1015 1705 1114 1791 quasi
1139 1715 1174 1765 et

197 1820 390 1894 cohibitee,
414 1819 476 1883 sed
492 1819 537 1882 ad
557 1832 757 1882 extromum
775 1818 965 1894 deductae,
986 1831 1175 1906 pertracta-

189 1952 320 2002 ¹rentur
337 1953 370 2002 et
387 1937 673 2014 absolverentur,
691 1937 749 2000 vel
767 1940 919 2000 maxims
934 1940 1087 2001 invicem
1106 1937 1174 2002 sibi

198 2053 504 2131 contradicebant,
535 2053 638 2138 vulgo
664 2067 799 2126 tamen,
834 2050 942 2116 dictas
969 2052 1014 2116 ob
1039 2073 1173 2129 causas,

196 2175 292 2240 baud
317 2175 405 2238 adeo
429 2173 580 2238 discerni
610 2187 718 2261 atque
744 2173 912 2262 distingui
939 2191 1012 2238 esse
1041 2173 1171 2245 solitas,

196 2317 242 2358 no
269 2294 340 2358 ulla
365 2297 405 2357 iis
433 2277 655 2358 intercedere
683 2294 926 2369 necessitudo,
954 2283 1020 2358 nec
1040 2316 1174 2358 socom·
1262 2293 1264 2296 ’

197 2412 333 2475 nodari
356 2409 459 2472 alteri
482 2408 591 2470 altera
610 2415 789 2496 potuisset.
831 2409 968 2499 Quibus
989 2417 1173 2500 perpensis
1198 2385 1202 2404 ι

195 2535 268 2594 iam
291 2527 337 2591 sd
359 2528 580 2614 propositum
599 2539 817 2590 revertamur
836 2530 878 2612 ⁴).

279 2665 526 2730 Gnosticorum
561 2666 648 2726 ratio
682 2677 717 2726 et
745 2665 915 2750 sententia
951 2687 1092 2752 prorsus
1129 2665 1176 2732 ad

197 2785 412 2856 dualismum
445 2799 589 2875 spectat.
638 2787 684 2850 Hi
715 2790 810 2852 enim
844 2787 1011 2852 baeretici
1044 2811 1062 2852 a
1091 2810 1176 2853 vera

197 2905 283 2970 boni
319 2905 476 2990 malique
510 2903 672 2968 antithesi
706 2905 944 2970 constituenda
978 2911 1176 2998 progressi,

135 3025 137 3032 '
200 3027 346 3087 minime
366 3023 574 3103 censebant,
597 3025 716 3088 demto
743 3007 848 3113 atque
869 3025 1005 3091 sublato
1023 3027 1087 3090 illo
1108 3028 1175 3092 hoc

202 3133 315 3214 effici,
344 3151 402 3206 aut
434 3138 524 3202 nihil
557 3143 625 3204 nisi
659 3140 897 3206 adventicium
927 3143 1065 3231 aliquid
1101 3167 1176 3208 esse

200 3243 298 3341 (uon'
321 3259 414 3320 inter
445 3277 503 3334 ea,
541 3277 632 3342 quae
662 3255 736 3318 κατ’
763 3257 881 3320 οὐσίαν
902 3261 992 3348 sint,
1020 3258 1177 3324 referen.

202 3448 431 3465 -nu—n—

237 3574 269 3643 Α)
295 3577 350 3634 Me
372 3577 543 3648 hocloco,
568 3585 601 3633 ut
625 3579 654 3634 in
679 3579 848 3650 quaestione
874 3580 1039 3648 tractanda,
1063 3581 1092 3637 in
1116 3597 1175 3651 qua
1247 3637 1250 3650 ,

202 3699 204 3706 ⁴
297 3679 403 3733 falsum
428 3680 538 3734 evitare
561 3682 654 3750 magis
681 3683 710 3736 in
734 3691 852 3754 promtu
878 3683 932 3750 sit,
958 3701 1047 3754 quarn
1063 3667 1176 3749 [verum

245 3799 250 3810 ·
300 3785 435 3849 tangere,
462 3796 502 3836 ex
518 3781 641 3836 consilio
659 3781 805 3844 scribendi
823 3782 960 3837 universo
978 3782 1106 3838 historici
1124 3799 1176 3837 so·

299 3872 452 3934 lummodo
476 3886 573 3952 partes
594 3889 679 3948 ogere
698 3879 849 3949 votuisse,
873 3879 924 3936 vix
942 3889 987 3937 est
1010 3881 1091 3952 quod
1107 3881 1175 3935 mo«
1278 3937 1280 3944 ,

297 3989 394 4031 neam.
