2886 4608
192 323 339 402 ,2¹

283 493 521 586 intelligibilia
544 517 629 572 (vero
654 487 899 562 considerandi
920 500 980 564 vol
1005 503 1121 588 potius
1149 502 1256 568 animi

284 613 392 676 oculis
423 614 585 676 intuendi
621 613 734 675 studio
767 619 907 700 penitus
941 633 1127 706 occupatae
1158 632 1256 697 erant

282 731 424 796 illorum
443 749 574 796 mentes
586 777 596 809 ‚
617 748 722 819 atque
741 738 776 796 in
803 758 843 796 co
868 735 960 816 solo,
987 738 1083 826 quotl
1100 741 1255 828 animum

283 848 327 912 ad
352 849 437 912 baec
461 850 660 935 quaerenda
682 850 818 920 ,elatum
842 855 978 936 assequi
1005 875 1042 916 ea
1067 877 1166 940 posse
1189 853 1255 916 sibi

280 979 545 1052 persuaserunt,
569 980 602 1028 et
630 970 793 1030 scientiae
819 989 953 1032 summa
978 971 1197 1046 versabatur,
1220 984 1255 1034 et

281 1087 392 1146 omnis
420 1077 547 1146 fiducia
578 1095 612 1144 et
637 1105 714 1168 spes
739 1084 785 1147 de
807 1083 1049 1170 praesentibus
1067 1107 1107 1148 ac
1128 1086 1255 1150 suturis

280 1211 353 1261 erat
377 1198 540 1266 collocata
568 1200 608 1280 ¹).

361 1313 475 1403 Quum
511 1311 720 1374 vocabulum
758 1291 852 1376 illud
876 1317 993 1398 'animi
1023 1309 1183 1378 habitum
1218 1327 1267 1378 ct.

280 1426 444 1505 affectum
473 1426 626 1514 aliquem
655 1433 802 1516 proprie
838 1427 1059 1518 significarit,
1093 1432 1254 1519 adeoquo

277 1620 505 1632 m

311 1758 340 1822 1)
375 1755 424 1812 De
451 1755 588 1809 vocabuli
617 1754 823 1822 significatione
854 1772 886 1807 v.
917 1770 991 1825 quae
1020 1771 1035 1808 e
1063 1753 1253 1824 scriptoribus

375 1854 528 1922 gentilibus
547 1867 574 1906 et
595 1852 763 1906 Christianis
786 1851 909 1922 collecta
932 1861 999 1906 sunt
1023 1853 1098 1922 apud
1114 1852 1251 1908 Bruche2

372 1968 443 2004 rum
460 1951 492 2004 in
506 1933 613 2003 histor.
632 1949 667 2000 de
684 1947 776 2015 ideis,
798 1955 868 2002 sert.
888 1947 907 2002 l
915 1990 924 2017 ,
942 1947 968 2017 §.
992 1947 1088 2022 fison.
1115 1961 1142 2003 et
1159 1951 1252 2004 Mos.

372 2049 506 2101 hominm
531 2049 558 2100 in
581 2043 818 2100 institutionibus
838 2045 946 2101 histor.
969 2047 1135 2101 Christian.
1151 2049 1254 2103 inuio.¹

295 2177 300 2188 ι
373 2142 474 2211 ribus,
503 2145 588 2197 Sacc.
614 2143 653 2208 J,
680 2158 711 2212 p.
735 2149 786 2198 333
808 2159 873 2216 sqq.
900 2146 938 2198 cf.
969 2145 1089 2198 Striceri
1116 2145 1251 2208 thesaur.

371 2247 539 2308 ecclesiast.
558 2265 582 2302 s.
598 2266 624 2302 v.
641 2247 769 2322 γνῶσις.
805 2250 838 2302 tu
855 2248 895 2304 N.
911 2249 949 2304 T.
967 2265 1179 2319 saepenumero
1197 2251 1250 2304 ab-
1270 2248 1276 2263 ‘
1315 2236 1319 2256 '

339 2393 342 2400 .
370 2353 611 2426 solute'positum
637 2357 776 2441 significat
800 2359 943 2412 notitiam
965 2376 1085 2426 eorum,
1111 2375 1188 2431 quae
1210 2359 1270 2434 od,

370 2458 551 2532 relipionem
563 2459 735 2527 pertinent,
760 2465 879 2512 rectam
896 2457 932 2511 de
948 2456 1037 2514 rebus
1053 2457 1163 2513 divinis
1180 2475 1251 2513 sen·

283 2599 286 2605 .
371 2533 508 2608 tentiam.
546 2556 626 2608 Inter
644 2556 801 2625 scriptores
819 2555 1050 2622 ecclesiasticos,
1068 2571 1143 2625 quos
1155 2564 1251 2625 patres

370 2669 480 2706 vocare
506 2655 637 2707 solemus
648 2674 672 2720 ,¹
688 2653 833 2706 Clementi
854 2651 1075 2705 Alexandrino
1098 2652 1126 2704 in
1151 2654 1256 2720 primis
1276 2715 1279 2720 ,

368 2751 505 2806 usitatum
519 2762 599 2817 erat,
615 2750 665 2804 ubi
683 2751 718 2802 de
735 2747 898 2818 perfectiori
918 2749 1061 2815 religionis
1072 2749 1250 2802 Christianae

371 2847 502 2902 scientia
517 2844 694 2912 disserebat,
711 2846 760 2906 'ad
792 2861 879 2914 quam
911 2844 996 2900 uobis
1025 2846 1251 2916 comparandam

368 2949 536 3004 meditando
554 2949 589 3002 de
615 2949 661 3002 illa
679 2947 838 3002 exercitato
863 2957 892 2999 et
909 2947 1028 3000 exculto
1050 2947 1163 3016 ingenio
1182 2965 1250 3019 per-

370 3049 560 3115 veniremus,
587 3047 750 3100 enucleatas
768 3045 903 3098 nimirum
922 3053 950 3097 et
973 3045 1121 3116 explicitas
1147 3061 1251 3100 eorum

368 3149 497 3201 rationes
516 3146 710 3198 continentem
721 3181 731 3209 ,
750 3159 824 3212 quae
844 3141 979 3195 omnibus
998 3143 1121 3194 divinam
1139 3142 1251 3195 institu-

367 3245 477 3300 tionem
506 3243 696 3316 sequentibus
722 3243 836 3312 cognita
864 3255 994 3296 ceterum
1021 3261 1055 3296 ac
1078 3255 1158 3296 certa
1183 3244 1250 3298 siut.

335 3354 337 3360 ’
367 3343 453 3398 idem
480 3343 619 3398 Clemens
648 3339 863 3394 haereticorum
890 3329 1005 3393 decreta
1033 3340 1140 3409 passim
1164 3356 1250 3393 com-

366 3459 538 3498 memorans
557 3459 591 3496 ac
608 3444 735 3497 refutans
753 3443 926 3510 declaravit,
953 3457 1013 3512 quo
1032 3455 1118 3494 seusu
1141 3441 1185 3494 isti
1203 3439 1255 3493 dt-

299 3589 303 3596 .
369 3540 435 3595 vine
454 3537 627 3606 intelligendi
644 3538 808 3592 facultatem
827 3538 881 3594 sibi
900 3547 1087 3604 arrogarent,
1113 3552 1141 3588 v.
1159 3536 1249 3592 Stro-

297 3699 304 3708 ,
364 3643 442 3692 mat.
459 3636 538 3705 LII,
558 3651 604 3708 cp.
616 3642 649 3704 3,
675 3635 718 3689 ed.
732 3635 848 3690 Foster.
867 3651 898 3705 p.
913 3633 964 3691 4¹33
980 3651 1042 3708 sqq.
1066 3633 1084 3686 l.
1101 3633 1143 3701 V,
1161 3650 1205 3706 cp.
1222 3640 1250 3718 t,

362 3759 394 3816 p.
413 3740 466 3796 644
479 3758 561 3816 sqq„
579 3758 655 3812 quae
677 3741 777 3808 legens
798 3740 1027 3804 animadvertas,
1046 3737 1124 3792 banc
1147 3753 1251 3791 eorum

367 3842 537 3912 opinionem
555 3851 780 3897 consentaneam
803 3843 895 3924 fuisse
913 3841 966 3906 iis,
993 3855 1066 3909 quae
1085 3838 1120 3892 de
1138 3839 1248 3891 animae

364 3953 466 3998 natura
487 3953 517 3999 et
543 3943 654 4014 origine
680 3943 833 4014 magnifice
858 3943 1026 4015 proderent.
1062 3941 1090 3996 A
1113 3941 1248 3996 scientiae
