2886 4608
303 289 349 395 ¹5⁴>

286 492 361 543 'tur
381 504 445 550 nee
470 482 673 573 ambiguum
702 483 915 562 habebatur,
947 489 1121 552 Simonem
1143 483 1274 550 deinde

206 604 211 618 “
302 617 319 658 e
345 597 537 662 Christiana
561 579 731 688 religione
756 600 961 680 descivisse3
983 602 1043 666 sed
1069 601 1112 666 ed
1138 597 1275 664 conclu·

304 716 436 778 sionem
465 739 618 778 summae
647 701 910 804 eornm,'quae
931 723 1123 795 retulisset,
1150 725 1276 792 annec-

302 832 446 896 tendam
468 856 616 921 pergere
638 834 803 917 poterat).
876 869 878 879 v
1281 835 1283 840 ’

384 953 474 1015 Huic
495 951 683 1018 Clementis
701 957 897 1018 testimonio
920 955 1161 1041 comperande'
1177 967 1273 1032 sunt,

238 1084 241 1095 ’
301 1087 391 1152 quse
411 1068 456 1132 de
471 1050 677 1133 ¹haeresium
701 1081 812 1134 aetate
832 1075 869 1135 in
892 1075 1097 1158 universum
1120 1084 1274 1160 spectata

301 1187 432 1248 notavit
449 1188 670 1280 Hegesippus
687 1187 784 1271 apud
802 1187 1012 1274 Eusebium,
1035 1188 1081 1256 H.
1097 1186 1141 1256 E.
1158 1185 1274 1280 till,

227 1376 229 1386 Ι
300 1326 353 1398 cp.
369 1312 420 1372 32.
454 1303 635 1390 Tempore
651 1307 744 1366 enirn
761 1305 845 1383 illo,
868 1327 937 1392 quo
953 1303 1101 1391 apostoli
1118 1305 1187 1368 vitu
1204 1305 1275 1366 iam

299 1432 414 1484 essent
436 1411 593 1486 defuncti
622 1437 655 1486 et
685 1421 918 1514 praeteriisset
946 1423 1129 1486 hominum
1152 1444 1274 1488 eorum

300 1553 410 1618 aetas,
441 1540 569 1628 quibus
590 1555 777 1631 praecepta
799 1531 939 1606 divinae
968 1543 1158 1627 sapientiae
1176 1559 1276 1627 prae-

300 1647 455 1726 sentibus
472 1660 594 1724 audire
609 1662 826 1749 contigisset,
844 1657 1007 1724 haereses
1025 1646 1134 1731 ortes,
1147 1659 1274 1741 inquit,

300 1787 344 1866 et*
358 1796 467 1860 quum
488 1788 586 1839 antea
612 1781 752 1864 integra.
774 1789 807 1838 et
824 1779 1043 1862 incorrupta,
1065 1777 1203 1858 virginis
1222 1775 1275 1838 ina

154 1948 159 1959 ,
250 1875 258 1982 i
301 1903 385 1968 star,
406 1891 525 1956 fuisset
548 1892 713 1970 ecclesia,
734 1896 772 1955 iri
794 1915 928 1956 recessu
951 1891 1105 1977 quedam
1125 1891 1272 1956 obscuro

213 2053 215 2072 .
255 1985 259 2019 ἰ
301 2018 335 2068 et
360 2009 479 2094 ignoto
506 2005 789 2070 delitescentibus
817 2010 878 2083 iis,
907 2011 968 2092 qui
990 2009 1080 2070 forte
1104 2011 1172 2068 iam
1196 2020 1273 2070 tum

257 2105 263 2237 ’ἑ
301 2121 530 2210 praedicandi
555 2123 726 2211 evangelii
750 2146 866 2186 sanam
886 2123 1044 2213 regulam
1067 2136 1273 2212 pervertere

260 2250 264 2326 ζ
301 2251 489 2318 tentarent,
499 2240 745 2316 deinde,nullo
758 2245 827 2304 iam
842 2265 885 2306 ex
899 2242 1062 2328 apostolis
1076 2245 1273 2329 superstite,

216 2357 221 2366 ”
263 2341 266 2465 i
302 2380 461 2422 errorum
490 2373 645 2421 auctores
680 2358 842 2424 audacius
874 2357 1046 2444 prodiisse
1076 2372 1111 2434 et
1148 2361 1273 2449 gnosiu

263 2485 268 2554 i
303 2501 398 2542 suern
421 2477 630 2570 ψευᾷῶνυμον
644 2482 681 2542 in
700 2479 857 2544 medium
875 2475 1072 2564 protulisse.

270 2587 292 2600 ⁰
383 2597 651 2688 Quodammodo
678 2603 783 2662 etiam
811 2599 882 2662 huc
909 2595 1093 2686 referenda
1123 2617 1195 2658 esse
1225 2593 1274 2658 vi-

249 2761 251 2764 -
301 2716 450 2792 dentur,
480 2737 571 2799 quae
594 2717 640 2778 de
661 2715 864 2800 haeresibus
884 2735 1004 2776 recens
1028 2717 1107 2774 ortis:
1135 2715 1274 2782 Termi.

302 2832 420 2900 banus
442 2832 479 2892 in
506 2827 598 2894 libro
624 2831 668 2897 de
690 2830 974 2922 praescriptione
993 2807 1273 2914 haereticorum,

303 2964 355 3042 cp·
378 2951 531 3026 29-34,
563 2951 751 3033 copiosius,
779 2959 817 3009 ut
846 2943 1020 3008 foecundo
1041 2948 1182 3034 ingenio
1204 2967 1275 3028 em-

134 3101 138 3116 ,
197 3061 222 3102 Ὗ
301 3057 461 3150 plificare
482 3063 562 3128 talia
585 3075 619 3126 et
642 3085 810 3126 exornare
833 3061 975 3138 soleret,
1003 3062 1180 3138 disseruit,
1203 3073 1273 3126 eoi·

303 3179 385 3244 dem
404 3179 596 3242 haereticos
616 3181 846 3267 impugnans,
868 3199 1017 3263 quorum
1038 3199 1161 3240 vanem
1178 3177 1274 3242 scho-

302 3296 358 3362 lae
382 3320 462 3362 suae
484 3301 699 3385 antiquitatis
725 3302 945 3363 iactationem
971 3321 988 3360 a
1012 3298 1193 3364 Clemente
1221 3321 1275 3362 re.

304 3415 516 3503 prehensam
547 3416 709 3482 vidimus.
750 3415 935 3480 Marcionis
945 3458 957 3493 ,
987 3413 1163 3486 Valentini
1192 3412 1274 3476 alio·

304 3555 458 3618 rumque
492 3533 649 3598 eiusdem
685 3537 821 3619 generis
855 3534 1016 3607 decreta,
1054 3553 1095 3594 eo
1132 3526 1274 3604 effecte,

305 3650 403 3734 quod
430 3672 448 3712 a
478 3651 634 3716 doctrina
662 3651 916 3738 apostolorum,
950 3651 1059 3740 libris
1079 3652 1181 3713 sacris
1209 3661 1287 3712 tre·-

307 3756 399 3842 dite,
436 3779 469 3830 et
502 3766 597 3854 apud
632 3769 885 3852 antiquissimas
915 3763 1061 3852 quidem
1096 3763 1276 3838 ecclesias,

309 3889 498 3952 antistitum
521 3891 717 3978 primorum
744 3885 943 3952 nominibus
959 3871 1207 3952 'celeberrimis
1228 3882 1275 3950 al·

1003 4049 1020 4076 Χ
