2886 4608
1109 275 1203 396 11¹

172 516 271 598 atas,
299 514 336 576 iu
359 509 452 576 libro
480 509 646 586 aduersus
667 508 827 572 haereses
850 489 1059 594 composito,
1087 505 1149 590 qui

173 634 377 700 inscribitur
394 631 619 708 ,Panart'tttm
642 629 688 696 de
704 633 773 694 vita
796 629 869 692 eius
888 643 993 717 atqua
1011 627 1149 718 placitis

272 986 402 1038 nexum,
426 970 453 1024 in
476 967 632 1024 refutandis
657 951 875 1022 haeretieorum
898 967 1073 1038 rationibus,
1092 983 1152 1023 nou

273 1073 342 1127 satis
376 1070 449 1153 bene
483 1085 601 1139 semper
628 1042 824 1124 intellexerint
856 1067 1012 1122 adversarii
1048 1083 1152 1122 eorum

271 1163 387 1238 quidam
414 1165 449 1220 ad
475 1165 644 1220 certandum
666 1166 877 1235 promtissimi,
903 1181 1031 1236 quorum
1050 1165 1085 1218 ab
1106 1167 1152 1218 io·

273 1265 341 1318 dole
360 1264 469 1318 scilicet
490 1263 566 1316 haud
587 1265 712 1318 alienum
731 1275 826 1331 esset,
846 1273 895 1333 ut,
917 1263 1070 1334 symbolici
1088 1278 1153 1316 ser·

272 1361 368 1415 monis
385 1360 494 1427 ignari,
511 1369 613 1431 tropos
634 1362 769 1414 audacius
791 1370 953 1432 conceptos
974 1360 1153 1416 verbotenus

269 1457 484 1534 interpretando
511 1463 622 1518 nubem
647 1464 790 1520 interdum
821 1481 875 1535 pro
904 1463 1025 1518 Junone
1052 1472 1153 1534 capta·

272 1571 338 1616 rent
348 1580 357 1628 ς
387 1577 573 1632 quamquam
596 1555 805 1619 Deivvirtutss
835 1571 964 1620 stactus
991 1562 1153 1633 symbolice

275 1660 465 1715 adumbrandi
487 1661 671 1715 consuetudo
692 1662 766 1731 apud
782 1660 941 1718 Gnosticos
962 1661 996 1716 ad
1015 1680 1048 1716 ea
1067 1679 1155 1732 prae·

273 1758 392 1825 sertim,
418 1775 492 1828 quae
513 1755 549 1811 de
567 1759 677 1812 mundo
695 1758 858 1825 intelligibili
879 1760 1040 1826 traderent,
1057 1775 1154 1829 neque

275 1861 382 1932 pariter
417 1861 450 1916 ad
482 1863 703 1927 cosmogoniam
741 1859 944 1930 explicandam
982 1844 1154 1928 pertinuisse

270 1959 403 2028 videtur,
432 1961 541 2032 quippe
568 1958 651 2014 cuius
674 1960 755 2012 notio
782 1959 816 2012 ntl
845 1959 1032 2013 emanationis
1060 1946 1160 2013 ideat'n‘

274 2058 389 2130 potius,
414 2056 573 2126 significatu
595 2057 714 2127 proprio
738 2055 917 2123 intellectae,
941 2054 1024 2108 etad
1046 2053 1156 2106 dualis-

270 2155 449 2227 mum‚·sive
473 2156 664 2222 austeriorem
686 2155 929 2226 rigidioremque,
949 2169 1001 2208 seu
1027 2143 1153 2208 mitiori-

270 2239 326 2311 bus
348 2261 542 2324 temperatum
562 2254 729 2322 sententiis,
747 2253 898 2310 referenda
920 2253 971 2321 sit,
990 2269 1004 2306 a
1023 2251 1154 2308 Philonis

273 2333 335 2410 imo
359 2356 464 2423 etiam,
484 2355 813 2423 alexandrinorumque
836 2349 1022 2407 «iudaeorum
1045 2354 1155 2407 ratione

275 2452 495 2522 quodammodo
508 2451 693 2520 discrepare,
706 2435 739 2500 ut
750 2449 777 2502 in
792 2451 981 2518 sequentibus
995 2449 1155 2520 apparebit.

276 2549 311 2604 ln
331 2549 501 2621 universum
517 2561 591 2600 vero
610 2545 668 2600 Viri
685 2545 749 2611 Ch,
766 2545 869 2599 sedulo
883 2547 993 2616 ubique
1010 2563 1060 2612 ea,
1079 2563 1156 2615 quaa
1228 2541 1231 2546 ’

271 2645 411 2700 historice
444 2644 556 2711 cognita
581 2651 678 2712 putres
707 2643 905 2708 tradiderunt,
935 2642 970 2695 ab
997 2642 1050 2708 iis,
1080 2655 1154 2714 quse

269 2745 401 2816 ipsorum
426 2743 542 2812 ingenio
563 2751 612 2796 aut
632 2744 729 2796 minus
747 2722 899 2796 iccuratae
918 2759 1018 2798 rerunt
1039 2745 1155 2800 notitiae

273 2853 302 2898 et
322 2843 522 2912 intelligentiae
542 2844 699 2912 debemur,
717 2845 934 2914 distinguentis,
956 2846 993 2898 de
1011 2845 1154 2901 Cerintho

275 2945 413 3000 sententia
433 2961 469 2998 eo
493 2941 605 3013 infringi
627 2945 757 3014 videtur,
777 2945 858 3016 quod
874 2943 1071 3018 Epiphanius,
1089 2963 1156 3001 me-

274 3044 331 3100 lior
343 3044 465 3100 Irenaeo
480 3047 560 3100 testis
573 3055 694 3116 propter
704 3046 803 3102 muntii
819 3055 967 3102 creatores
985 3048 1155 3114 angelorum

272 3140 391 3196 contine
405 3141 553 3206 (ceterum
569 3140 688 3196 serioris
704 3141 803 3198 aetatis
819 3141 904 3196 etiam
916 3140 1064 3198 Gnosticis
1077 3141 1157 3194 haud

273 3236 412 3300 insolito)
434 3237 578 3306 praeditos
605 3248 634 3292 et
657 3241 708 3296 alia
734 3240 877 3311 quasdam
899 3241 925 3294 ei
944 3227 1099 3390 ρεοιιΙὶΦία
1118 3239 1155 3295 ab

276 3335 341 3406 ipso
365 3335 498 3402 habitus,
517 3334 545 3388 in
567 3335 685 3406 reliquis
706 3338 758 3406 lis,
778 3353 853 3409 quae
871 3335 906 3392 ad
922 3336 1046 3392 Gnostic
1058 3349 1155 3396 smum

269 3437 346 3492 illins
363 3444 511 3508 spectant,
533 3438 677 3491 consentit
700 3453 769 3492 cum
791 3436 981 3506 Lugdunensi
1001 3435 1155 3507 haeresio-
1181 3497 1189 3510 Ἃ

273 3536 362 3604 logo,
386 3549 482 3604 quem,
495 3541 650 3604 sequatur,
669 3543 697 3587 et
719 3533 747 3602 ἕ.
768 3541 781 3588 t
803 3536 909 3590 diserte
931 3534 991 3588 imo
1013 3533 1154 3588 Cerintho

271 3641 369 3696 tribuit
390 3628 430 3690 τὸ
454 3631 632 3718 προσέχειν
647 3634 704 3716 ’τῷ
725 3629 914 3718 ’Iocdaitpq‘i
931 3629 1000 3693 ἀπὸ
1025 3631 1158 3726 pipant,

217 3716 220 3734 Ι
273 3743 366 3810 dum,
408 3759 483 3816 quae
526 3753 677 3815 praeterea
716 3746 884 3816 docuisses,
922 3765 939 3802 a
969 3748 1155 3818 carpocratis

271 3839 453 3908 dogmatibus
477 3857 536 3896 uon
563 3842 677 3898 differre
700 3843 834 3902 affirmat.
870 3843 941 3920 Quo
964 3845 1054 3900 modo
1085 3845 1156 3901 illud

273 3921 340 4002 rint
358 3939 471 4028 pipant
492 3953 736 4023 inerpretandum
753 3955 805 4023 sit,
823 3951 999 4026 als—sotim,
1015 3955 1045 4012 ni
1059 3955 1155 4022 fartor,
