2890 4612
257 301 332 371 '92

290 495 336 560 ad
357 498 511 582 supremi
529 497 674 559 auctoris
694 467 942 598 effectoriaqne
960 495 1126 582 ἐνέργειαν
1145 518 1163 560 a
1183 497 1271 566 cah.

288 611 421 678 balistis
438 615 609 689 refertur,
632 626 667 676 et
687 635 767 676 cum
783 615 848 678 Dei
869 618 1116 701 praestantiam
1143 629 1178 679 et
1194 611 1270 682 effi.

139 790 141 798 ,
238 791 242 800 i
288 735 471 807 cientiam,
492 729 589 794 hand
613 753 709 795 secus
732 753 771 794 ao
795 731 971 808 Gnostici,
1001 735 1209 817 purissimae
1235 749 1267 799 et

287 847 591 934 splendidissimae
611 846 701 910 lueis
729 842 845 930 effigie
872 849 1195 936 comprehendant,
1216 850 1268 916 di-

288 972 390 1032 vinae
411 967 499 1029 lucis
519 967 657 1032 radium
681 980 856 1049 tamqnam
877 972 947 1030 vim
975 972 1212 1033 continentem
1232 987 1268 1040 et

236 1107 239 1119 ¹
288 1097 511 1174 vegetantem
530 1089 646 1147 omnia
673 1084 839 1148 inferiora
866 1085 1072 1150 describunt
1099 1083 1149 1171 ⁷);
1179 1108 1268 1174 quo.

272 1225 367 1267 frum
383 1204 468 1264 ratio
488 1213 520 1266 et
537 1201 691 1264 conditio
707 1221 751 1264 cx
769 1223 892 1286 eorum
906 1191 1071 1289 opinione
1088 1202 1165 1266 fere
1179 1203 1266 1268 haee

113 1391 115 1398 s
212 1363 214 1367 -
262 1334 356 1403 1οεῒι
378 1322 514 1398 animae
537 1341 555 1383 a
579 1321 652 1382 Deo
671 1319 887 1406 productas,
908 1333 1016 1406 prout
1035 1324 1173 1384 insitam
1198 1321 1267 1386 sibi

287 1445 453 1518 virtutem
474 1455 786 1517 conservaverunt,
808 1453 868 1504 aut
888 1440 1089 1528 cupiditatis
1110 1443 1176 1508 sibi
1202 1446 1266 1506 mi-

383 1739 548 1811 profectum
566 1751 631 1792 esse
650 1753 738 1805 eum,
764 1736 982 1805 coniectemus,
1006 1735 1109 1792 deinde
1127 1753 1199 1792 vero
1218 1737 1265 1791 in·

385 1838 490 1892 tentius
507 1837 543 1890 de
562 1851 663 1890 rerum
687 1835 781 1890 causis
799 1837 965 1892 meditando
987 1836 1159 1903 adductum,
1176 1845 1208 1889 ut
1227 1835 1264 1890 ad

383 1949 475 1988 unum
491 1933 661 2003 principium
675 1933 771 1986 omnia
788 1944 956 2003 revocaret3
976 1935 1056 2004 quod
1073 1950 1126 2004 per
1142 1932 1268 2000 figmen-

384 2039 411 2086 ta
429 2043 534 2100 nempe
556 2030 602 2084 illa
622 2031 696 2100 apud
719 2030 883 2086 Irenaeum
906 2030 1050 2100 descripte
1068 2031 1187 2084 efficere
1203 2037 1266 2112 'vq-

382 2129 470 2184 luisse
490 2129 620 2198 videtur,
639 2145 706 2184 cum
725 2129 818 2195 idem,
837 2129 916 2198 quod
939 2129 1077 2184 materiae
1101 2131 1265 2185 inconditae

383 2236 534 2294 tamquam
554 2228 755 2299 propriumne
775 2226 920 2298 peculiare
941 2235 969 2280 et
985 2227 1047 2298 ipse
1067 2229 1138 2282 alias
1156 2239 1184 2282 et
1202 2229 1265 2284 eiua

383 2328 493 2384 similes
513 2327 640 2382 tribuere
660 2327 807 2394 solerent,
825 2334 935 2380 temere
958 2324 1070 2382 scilicet
1091 2336 1123 2382 ut
1141 2329 1265 2397 agitare-

383 2436 431 2482 tur
454 2435 482 2482 et
498 2429 559 2481 sine
579 2425 681 2482 ordine
701 2435 891 2494 moveretur,
916 2425 950 2480 ad
972 2426 1157 2495 intelligibilia
1173 2436 1201 2480 et
1219 2427 1265 2482 in·

382 2527 554 2582 tellectualia
582 2525 802 2598 quodammodo
834 2525 920 2579 etiam
950 2527 1143 2594 transferret,
1171 2535 1200 2580 et
1224 2541 1265 2581 en

382 2627 488 2678 mentis
521 2624 741 2694 intellectusque
770 2621 899 2692 quodam
933 2621 1035 2677 habitu
1053 2635 1206 2694 perverso
1236 2631 1266 2679 et

380 2733 499 2778 naturae
520 2725 665 2778 contrario
683 2723 803 2777 visibilis
821 2720 997 2778 substantiae
1018 2724 1160 2792 originem
1183 2718 1263 2777 deri·

325 2801 329 2816 ⁸
382 2833 475 2878 varst.
523 2819 662 2877 Ceterum
691 2823 769 2878 haud
799 2821 954 2877 defuerunt
986 2823 1179 2893 interpretes,
1212 2821 1263 2894 qui
1331 2867 1334 2880 i

387 2921 548 3001 Valentini
568 2923 761 2989 fragmentum
782 2920 851 2974 illud
875 2930 903 2973 et
921 2919 1024 2990 placita
1049 2919 1111 2973 eius
1135 2918 1170 2974 ab
1192 2918 1262 2972 Ire-
1318 2960 1322 2964 .

382 3034 461 3072 naec
477 3019 610 3088 exposita
623 3017 696 3072 adeo
711 3019 887 3072 concinnare
903 3027 932 3071 et
948 3017 1069 3074 interae
1085 3020 1263 3087 coniungere

382 3117 507 3184 vellent,
525 3116 600 3172 utin
616 3117 700 3172 unius
716 3115 864 3172 doctrinae
884 3119 966 3186 quasi
983 3133 1092 3190 corpus
1109 3117 1262 3172 coalesce-

382 3225 458 3270 rent.
501 3215 639 3289 Quorum
661 3213 754 3282 ratio,
782 3214 807 3268 si
831 3227 910 3267 recte
933 3229 999 3268 eam
1022 3215 1263 3282 consideramus,

382 3315 545 3370 contortior
560 3331 625 3370 esse
643 3315 766 3370 viderur.
796 3313 976 3385 Praecipuus
997 3315 1072 3366 inter
1088 3329 1141 3368 eos
1156 3311 1261 3368 Beuu-

381 3409 500 3468 sohrns
516 3429 546 3468 v.
564 3413 607 3468 H.
626 3412 653 3467 a
671 3412 724 3467 M.
746 3413 781 3468 T.
799 3413 844 3467 n.
858 3429 889 3484 ρ.
908 3395 1064 3467 158-155.

324 3545 356 3612 7)
381 3544 520 3613 Lumen,
547 3545 630 3618 quod
658 3546 793 3601 omnium
827 3545 969 3619 intimum
1006 3549 1070 3608 est,
1107 3537 1264 3593 Connexio
1293 3522 1299 3542 '

383 3643 606 3699 connexionum
629 3649 684 3700 etc.
728 3641 878 3700 eahtalae
903 3641 1077 3696 ‹nnudotoe
1094 3637 1179 3692 locos
1202 3637 1265 3692 hue

380 3747 552 3802 referendos
578 3745 710 3800 indicavit
733 3746 812 3801 doct.
836 3743 1031 3808 Kleukerus‚
1062 3753 1092 3796 v.
1121 3737 1194 3794 tiber
1214 3739 1266 3794 die

378 3846 488 3901 Natur
505 3845 571 3900 arrd
581 3845 640 3900 den
660 3845 822 3918 Ursprunq
836 3843 892 3898 der
905 3838 1202 3896 Enmncttonszenre
1216 3836 1265 3892 bei

277 3961 282 3994 ι
344 3996 347 4006 ,
381 3943 440 4000 den
460 3943 650 4001 &naastan
657 3983 667 4012 ,
684 3943 772 4018 Ripa
784 3941 866 4011 1786,
881 3946 919 4010 8,
930 3955 963 4012 ρ.
977 3943 1015 4002 19
1023 3941 1077 4009 (cf.
1087 3955 1122 4012 p.
1135 3940 1260 4006 7-22>.
