2890 4612
311 334 407 412 roo'

315 525 410 614 quod
426 527 490 590 Dci
509 537 652 588 naturae
671 535 705 586 et
720 522 906 588 voluntatis
928 528 1104 588 notionem
1127 527 1162 588 in
1184 529 1225 596 V.
1245 523 1289 594 Τ.

309 663 564 732 ampanis-mero
586 643 631 701 ita
657 661 857 730 expressam
876 641 1167 712 adumbratamve
1190 639 1292 706 vido·¹

312 761 414 836 baut,
446 773 481 822 ut
509 753 739 821 infirmiorum
765 764 873 823 menti
903 775 936 823 at
960 764 1066 823 animi
1093 763 1207 824 sensui
1234 783 1288 826 ac-

315 879 529 942 commodata
558 877 732 963 quaedam
758 879 842 941 inde
864 883 1028 941 existerat
1055 883 1128 942 eius
1153 884 1286 968 imago,

315 999 412 1083 qnasi
440 995 638 1055 mortalium
668 993 836 1081 fragilitas
867 998 932 1083 ipsi
957 992 1204 1083 affingeretur,
1235 1000 1287 1058 iu-

315 1115 417 1200 digne
436 1115 490 1174 isti
510 1112 681 1186 tulerunt,
702 1125 776 1172 turn
796 1117 831 1174 in
859 1112 975 1180 multis
1001 1113 1115 1198 quoad
1135 1114 1197 1176 Dei
1216 1115 1288 1177 cul·

311 1248 406 1310 tum,
435 1238 520 1296 ritus
550 1254 732 1317 mor-esque
765 1253 783 1292 a
812 1233 901 1322 legis
935 1233 1046 1296 latore
1071 1239 1286 1320 praeceptis,

311 1355 537 1440 quantumvis
557 1353 786 1434 temporisne
807 1372 846 1412 ac
862 1351 940 1412 loco
960 1355 1215 1428 consentaneis,
1238 1352 1288 1415 oi·

312 1468 524 1541 laudarunt,
547 1465 699 1551 ideoque
716 1479 824 1528 totam
842 1469 913 1528 imo
931 1470 972 1533 V.
984 1469 1027 1532 T.
1048 1473 1287 1536 oeconomiam

208 1647 211 1651 .
305 1587 503 1680 'dissolvere
525 1597 604 1648 sunt
626 1589 738 1648 conati
765 1590 819 1672 ¹⁶).

394 1741 440 1804 At
466 1740 556 1801 forte
590 1737 635 1802 ad
661 1740 856 1800 testimonia
883 1737 945 1800 illa
971 1751 1129 1804 veterum
1161 1760 1178 1800 a
1204 1741 1286 1803 viria

313 1853 422 1917 doctis
445 1854 604 1929 laudata,
628 1856 688 1939 qni
707 1857 743 1915 in
766 1853 913 1916 alteram
933 1869 1070 1940 partem
1090 1856 1289 1942 disputave-

312 1987 416 2048 runt,
439 1972 664 2034 diiudicanda
685 1972 909 2055 revocabitur
930 1977 1182 2050 controversia,
1205 1997 1288 2060 quo·

310 2063 393 2151 ¹r'um
415 2091 608 2150 auctoritati
634 2109 678 2151 cx
698 2092 772 2173 ipsa
799 2089 938 2150 historia
960 2087 1126 2174 praesidii
1149 2089 1287 2174 aliquid

315 2227 354 2270 ac
382 2209 516 2272 roboris
544 2209 713 2272 accedere
735 2208 892 2285 videtur,
924 2211 1088 2294 qnoniam
1113 2207 1210 2294 apud
1229 2211 1290 2270 'Sa-

315 2334 499 2392 maritanus
520 2329 758 2414 antiquissima
779 2327 957 2390 doctrinae
977 2325 1161 2389 Gnosticae
1184 2330 1288 2389 vasti.

316 2448 371 2534 gia
400 2458 649 2530 apparuerunt.
698 2444 804 2508 Paulo
827 2445 1018 2506 accuratius
1050 2463 1153 2530 argo,
1182 2417 1289 2529 iluam

314 2559 499 2646 bucusque
525 2558 657 2623 factum
684 2573 751 2635 est,
773 2563 849 2627 iam,
869 2559 975 2635 hacc,
998 2561 1023 2622 si
1046 2557 1183 2644 placet,
1213 2579 1291 2621 exa·

258 2681 263 2692 ’
315 2680 498 2739 minumus.

397 2808 563 2903 anatt'us
585 2807 611 2870 l.
631 2830 658 2870 o.
680 2829 699 2870 a
724 2807 820 2870 falsis
843 2807 1066 2892 opinionibus
1085 2805 1289 2873 avertendos

315 2922 506 3015 Magnetes
530 2945 606 2986 suos
622 2922 797 2998 hortatus,
818 2921 954 3001 „nolint
974 2921 1151 3002 oblivisci,
1178 2921 1291 2986 iudai.

318 3060 393 3101 cam
424 3040 740 3134 (carcinomatum)
767 3039 884 3130 legem
914 3062 978 3132 per
1008 3040 1182 3108 Christum
1216 3034 1291 3102 csse

318 3155 540 3247 abrogatam,
574 3159 630 3221 cui
663 3179 773 3244 quum
805 3169 1053 3234 consentaneos
1082 3181 1128 3222 so¹
1147 3159 1292 3245 pracati.

347 3475 396 3544 1⁶)
424 3477 496 3533 Non
513 3495 636 3547 vereor,
659 3495 697 3534 na
714 3478 780 3550 quia
796 3479 857 3534 boc
873 3478 940 3532 loco
957 3475 1141 3530 Judaeonnn
1159 3489 1292 3543 quorun.

325 3569 331 3577 ’
419 3576 487 3631 dam
511 3577 690 3644 meminerit,
716 3579 765 3647 qui
787 3593 855 3654 prae
881 3575 970 3628 nimio
993 3571 1138 3626 doctrinae
1161 3586 1211 3623 ore
1233 3582 1294 3626 tta·

419 3675 494 3728 ditae
513 3674 607 3730 studio
626 3677 720 3743 legem
738 3650 874 3744 scriptam
893 3675 950 3727 iuro
963 3671 1082 3766 minoris
1095 3671 1294 3744 aestimareut3

418 3775 500 3826 cuins
525 3771 567 3826 rei
588 3773 702 3841 egregia
725 3771 899 3824 documenta
918 3767 1059 3838 quaedam
1085 3767 1166 3820 affert
1183 3766 1295 3822 Eiron*

327 3893 330 3900 ¹
391 3884 594 3942 martyram,
622 3883 653 3926 v.
676 3863 862 3926 Entdaeckter
885 3861 1088 3934 ruderatum,
1115 3863 1184 3922 Tar.
1204 3863 1237 3934 Ι,
1261 3879 1291 3934 p.

417 3968 469 4026 329
484 3981 549 4037 sqq.
