2890 4612
312 322 454 416 ru,
881 327 936 390 .·

312 501 446 580 mirem
462 507 590 601 talibus
606 505 780 574 attributis
795 479 991 574 constanter
1008 507 1191 600 dignatum
1212 509 1285 574 arria

311 631 530 704 madvertes,
564 627 682 716 qualis
711 631 748 694 in
781 627 1026 693 secundarium
1065 627 1174 692 deum
1204 651 1284 692 con·

310 749 449 819 venire,
479 746 540 810 vix
568 717 761 820 censubris,
788 741 853 808 sed
879 757 913 807 et
941 757 1081 832 tempus
1106 738 1281 811 infinitum

290 859 522 960 *plerumque
553 861 600 922 ita
636 881 709 925 esse
743 860 981 947 descriptum,
1017 875 1055 926 ut
1087 865 1282 928 inanimum

308 976 442 1066 aliquid
464 989 499 1041 et
520 978 589 1042 vita
613 989 732 1042 careus
754 977 845 1042 illud
869 999 1030 1068 agnoscas
1051 977 1110 1067 ⁴²).

312 1145 315 1152 .
389 1095 449 1160 Eo
470 1095 548 1180 ipso
587 1104 722 1170 autem,
744 1093 853 1184 ,quod
882 1098 1057 1158 incertum
1091 1092 1282 1182 reliquerat

307 1211 522 1284 Zoroastres,
557 1229 650 1294 quae
676 1211 718 1272 sit
752 1212 1010 1298 principiorum
1042 1205 1282 1274 cohaerentiae

306 1335 366 1388 aut
395 1321 604 1386 discriminis
633 1327 740 1401 ratio,
777 1324 976 1411 quaerendi
1005 1338 1039 1390 et
1059 1323 1284 1412 disceptandi

307 1444 487 1520 materiam
509 1440 604 1504 haud
618 1455 761 1508 tenuem
780 1457 839 1507 aut
857 1442 999 1508 futilem
1017 1443 1196 1533 discipulis
1212 1445 1285 1508 suis

306 1575 342 1626 et
358 1560 505 1626 adseclis
523 1561 717 1650 praebebat
727 1581 737 1642 ;
749 1556 920 1651 'quorum‘
931 1563 1161 1658 dissensiones
1176 1577 1283 1650 atque

308 1681 564 1746 controversiae
595 1680 789 1744 cuiusmodi
816 1680 971 1758 fuerint,
1009 1691 1029 1744 a
1054 1679 1282 1766 scriptoribus

306 1797 449 1864 Graecis
488 1797 697 1885 praesertim
741 1812 775 1863 et
815 1800 993 1874 Arabibus
1031 1796 1286 1864 recentioribus

229 1888 233 1894 ¹
307 1911 515 1982 discendum
538 1926 598 1978 est.

310 2091 315 2099 .
389 2031 606 2118 Opinionem
625 2029 671 2096 de
689 2053 760 2093 uno
779 2031 855 2096 Deo
872 2053 1035 2120 supremo
1050 2031 1191 2119 quando
1210 2023 1283 2120 pri-

307 2171 405 2212 mum
429 2148 587 2235 amplexi
618 2153 685 2212 sint
714 2149 900 2238 Magorum
931 2148 1060 2235 aliqui,
1093 2153 1284 2214 memoriae

305 2269 402 2343 haud
420 2270 607 2349 traditum3
629 2269 667 2333 id
683 2289 767 2333 vero
785 2281 931 2343 constat,
948 2268 1145 2339 Alexandri
1160 2271 1283 2360 Magni

306 2403 439 2466 aetate,
461 2412 529 2479 qua
547 2391 688 2458 Graecis
705 2390 843 2453 facilior
859 2389 972 2452 aditus
989 2387 1033 2450 ad
1049 2408 1173 2468 arcana
1188 2409 1282 2453 sacra
1331 2387 1335 2394 “

307 2529 429 2574 eorum
447 2507 683 2594 panderetur,
704 2508 774 2584 iam
800 2505 949 2593 viguisse
971 2503 1068 2568 illam
1085 2503 1183 2591 apud
1205 2496 1287 2588 eos,

259 2619 260 2624 ἵ
307 2626 639 2712 namArtstoretes
653 2625 691 2683 in
719 2621 923 2714 Metaphys.
950 2620 1154 2709 nor..X1V,
1176 2609 1285 2710 cht,

307 2743 532 2827 ers-instituto
560 2744 739 2806 variorum
766 2737 950 2802 sententias
973 2734 1019 2800 de
1042 2757 1161 2796 rerum
1188 2737 1284 2823 prin·

238 2839 242 2844 Δ
308 2861 399 2946 cipio
427 2872 665 2947 pertractans,
695 2860 786 2918 inter
814 2874 872 2917 eos
906 2849 1026 2914 retulit
1050 2853 1188 2940 Magos,
1220 2854 1284 2940 qui

308 2990 464 3043 mentem
488 2965 777 3066 perfectissimam
801 2973 1010 3064 genitricem
1034 2975 1192 3035 omnium
1219 2971 1283 3051 (rb

306 3101 438 3180 πρῶτον
455 3095 617 3178 γεννῆσαν
635 3089 790 3178 ἅριστςνν)
802 3113 881 3156 ‘esse
901 3102 1109 3169 statuerent,
1133 3111 1283 3175 quorum

305 3237 457 3278 numero
475 3237 494 3277 e
514 3204 729 3299 sapientibus
743 3210 885 3274 Graecis
903 3220 1014 3272 aetate
1031 3205 1282 3295 posterioribus

308 3333 472 3416 apposuit
490 3325 747 3416 Empedoclem
771 3337 804 3390 et
820 3327 1066 3414 Anaxagoram
1085 3328 1142 3412 43).
1234 3403 1237 3409 ¹

310 3512 539 3537 thuna—nnn-

341 3607 389 3706 la)
416 3639 506 3706 Simul
534 3654 603 3693 eum
630 3638 738 3706 coelo,
768 3645 817 3694 aut
840 3635 917 3692 coeli
944 3607 1157 3699 conversione,
1184 3629 1285 3686 mundi

407 3755 500 3806 aevo,
523 3749 612 3794 vento
628 3739 849 3812 similibusque,
865 3754 925 3794 non
946 3755 1015 3792 cunr
1038 3735 1090 3788 diis
1110 3733 1141 3788 in
1163 3748 1285 3804 precum

407 3835 540 3892 formulis
558 3829 720 3894 invocatur.
755 3838 801 3894 Cf.
823 3833 974 3906 lychsen.
992 3832 1011 3890 Ζ.
1036 3848 1060 3888 c.
1071 3848 1104 3903 ρ.
1120 3827 1177 3890 134.

342 3940 391 4020 43)
409 3949 477 4006 Atto
492 3949 580 4021 loco,
596 3951 627 4008 iu
638 3950 734 4024 primo
749 3948 787 4006 de
797 3943 1103 4021 plsilosopltielibro,
1120 3945 1287 4020 opinionem
